3009 4992
539 250 860 317 onnclrn‘us.
1011 245 1025 271 ‘
1186 265 1249 336 355

216 426 346 491 motitur.
390 423 519 512 injure,
535 435 688 510 potestate
702 438 734 489 et
752 423 883 488 arbitrio
900 445 979 487 meoe
999 421 1108 486 metris
1122 422 1175 501 80,
1195 425 1246 486 16.

141 517 189 576 ε’πν
203 537 256 576 τινι
271 511 452 576 καταλείπειν
465 513 512 574 τδν
531 515 642 596 κλῆρον.
668 511 737 576 ‘hac
758 510 839 597 iege,
854 523 892 575 ut
912 509 1027 598 uliquis
1047 533 1085 574 es
1105 510 1246 597 potietur

145 601 201 685 63,
219 614 270 684 17.
285 600 341 677 66,
357 617 410 682 29.
431 599 485 682 83,
503 617 553 661 11.
589 601 691 680 προῖκα
713 599 754 662 irr’
776 602 847 682 αὐτῇ
869 598 968 677 ίλαβε.
1004 597 1042 660 lte
1062 598 1203 662 received
1222 618 1245 660 ιι

134 685 185 750 -do
270 685 344 750 reith
364 686 431 762 Iter,
454 684 529 762 sive,
547 705 613 770 quo
634 707 702 749 esm
724 682 865 762 duceret,
885 682 950 747 sive
970 699 1137 770 propterea
1157 681 1245 771 quod

144 793 214 835 eum
254 785 358 836 uceret
373 774 426 857 69,
442 785 494 855 35.
515 771 582 854 [17,
599 771 646 854 6.]
663 769 713 836 vel
733 771 803 857 ejus
820 769 932 856 gratia
969 771 1013 832 ἐπὶ
1034 771 1146 854 γυναικί
1169 771 1245 856 ἔχειν

144 859 284 942 ἀργύριον.
321 859 390 945 ejus
412 879 505 922 causa
524 855 571 920 vel
593 856 717 921 nomine
740 877 795 938 40,
809 875 864 936 40.
889 875 946 937 41,
961 876 1015 940 3ο.
1040 856 1161 935 88,12.
1200 857 1244 919 ίπδ

146 943 329 1008 *παλλακίδι
345 945 433 1019 δόντες
445 941 519 1027 (nisi
532 943 638 1030 potius
652 942 714 1030 leg.
725 956 773 1007 est
785 944 829 1005 est
843 948 980 1040 παλλακρ]
991 941 1118 1027 διδόντες)
1132 947 1170 1005 roi
1182 949 1245 1006 έαο-

144 1037 199 1092 τιῖιν
213 1049 268 1111 41,
282 1049 338 1112 44.
382 1031 425 1094 su
437 1034 476 1116 τῷ
490 1029 694 1115 ἐγγοήσαμίνορ
709 1027 738 1106 ἦν
753 1051 849 1116 penes
861 1051 945 1107 eum,
960 1051 992 1092 1n
1015 1029 1084 1116 ejus
1105 1029 1245 1110 arbitrio,

144 1129 299 1203 potestate
313 1136 353 1197 41
358 1162 369 1195 ,
386 1117 436 1182 28.
474 1117 518 1179 ίπδ
533 1115 635 1178 ἅπαντι
649 1122 689 1202 τῷ
703 1114 770 1201 οίκορ
784 1113 964 1178 καταλείπειν
984 1116 1102 1179 ἐπίδικον
1117 1131 1173 1201 43,
1190 1135 1242 1214 13.

142 1217 268 1288 51,10.
306 1203 348 1266 su
373 1201 513 1276 τοσούτοις
535 1204 631 1285 άγροῖς
653 1203 701 1266 καί
726 1202 861 1282 κτήμασι.
897 1200 931 1264 in
955 1200 1048 1265 nutis
1070 1201 1244 1266 latifundirs

143 1303 198 1374 55,
216 1307 269 1368 24.
314 1289 357 1352 tet
372 1293 406 1375 τῇ
420 1288 530 1374 διαθήκῃ
547 1287 752 1372 παραγενέσθαι
772 1286 950 1352 interfuisse
971 1285 1129 1374 scriptioni
1151 1303 1244 1353 testo-

144 1375 242 1438 menti
256 1394 311 1460 43,
327 1394 379 1460 31.
424 1376 464 1456 tp'
479 1373 522 1448 αίς
537 1373 676 1450 διαθήκαις
691 1374 855 1452 ἐκλήθησαν,
871 1373 988 1460 quibus
1001 1374 1178 1438 testamenti
1197 1389 1244 1438 ta-

142 1458 227 1526 bulis
241 1475 277 1525 nt
291 1462 474 1526 interessent
487 1459 699 1546 obsignandis,
715 1460 816 1524 vocati
831 1460 963 1524 fuissent
976 1477 1031 1544 47,
1046 1481 1101 1542 41.
1129 1463 1172 1523 ίπί
1187 1465 1244 1534 τοῖς

143 1546 246 1611 τοιίτιον
262 1545 376 1626 θνόμασι
395 1561 449 1632 59,
463 1566 518 1627 44.
555 1547 595 1608 ἔπ’
612 1545 701 1632 όλίγορ
722 1545 846 1632 άργνρίορ
867 1569 928 1634 pro
945 1568 1004 1628 42,
1021 1567 1048 1615 2.
1086 1549 1128 1630 ip’
1143 1549 1181 1620 οῙς
1202 1545 1244 1611 od

142 1655 217 1720 quae
230 1633 375 1720 ἀπόκρισιν
389 1637 419 1696 οὐ
434 1633 531 1696 δέδωκε
547 1631 600 1719 83,
615 1651 669 1718 33.
707 1635 750 1696 ἐπὶ
764 1633 868 1706 τούτοις
881 1633 924 1698 ob
939 1633 1008 1697 haec
1027 1634 1087 1716 ἐμοὶ
1107 1633 1243 1708 τοιοιίτοος

142 1723 164 1782 ά
186 1727 256 1793 οἴνας
278 1720 486 1807 παρασκευάζον
507 1720 559 1806 85,
576 1732 605 1799 7.
651 1721 691 1780 ἐπ’
707 1719 783 1781 ἐννέα
806 1721 913 1798 ὀβολοῖς
934 1720 995 1784 sub
1016 1733 1109 1807 pscto
1130 1741 1242 1783 novem

142 1829 163 1869 o
205 1804 318 1882 lorum,
334 1805 458 1870 nomine
472 1803 601 1870 foenoris
614 1805 766 1869 menstrui
779 1804 813 1869 in
827 1805 941 1869 minam
959 1806 1078 1887 88,14
1123 1805 1167 1869 nt
1185 1808 1244 1869 δια-

142 1894 215 1977 βολή
229 1889 355 1956 invidiae
368 1891 542 1956 conflandos
561 1914 637 1978 ergo
660 1893 712 1978 89,
729 1910 778 1958 22.
823 1894 864 1954 ἔπ’
880 1894 939 1974 ίμοδ
962 1899 1053 1956 ταῦτα
1074 1918 1092 1954 τ
1145 1892 1242 1971 άζοοσι

142 1989 252 2042 contm
265 1999 327 2057 me,
342 1977 375 2041 in
393 1992 489 2066 caput
508 1999 614 2043 meum
630 1995 684 2063 77,
701 1997 754 2058 24
789 1978 832 2040 nt
855 1978 995 2062 Δελφινίῳ
1016 1977 1048 2042 in
1071 1917 1244 2064 Dzibbinio

147 2083 219 2142 110,
232 2083 419 2173 4o.=ergo,
435 2063 484 2128 rel
499 2065 551 2142 ed,
568 2077 604 2128 ut
619 2085 742 2128 causam
759 2061 884 2127 finalem
898 2064 1062 2151 significet.
1107 2069 1178 2141 πλήν
1192 2068 1242 2126 οὐκ

142 2151 186 2213 tat
207 2150 314 2236 θανάτῳ
336 2169 500 2232 φασκσοσαν
521 2150 629 2227 διδόναι,
644 2152 711 2214 ἀλλ’
728 2151 771 2212 ἐντί
793 2150 916 2236 φίλτροις
930 2152 975 2214 Α.
994 2169 1068 2228 111,
1084 2164 1133 2231 17.
1179 2170 1241 2213 non

142 2257 208 2322 quo
222 2257 327 2300 necem
343 2237 426 2324 patri
444 2236 655 2314 conscisceret,
672 2235 726 2300 sed
740 2259 806 2322 quo
820 2257 891 2300 eum
912 2258 1018 2299 amore
1032 2236 1081 2300 sui
1094 2234 1242 2299 accende-

143 2335 201 2386 ret.
232 2323 358 2395 έψνθδετο
374 2326 414 2386 ίπ’
430 2324 550 2408 ιίφτλείᾳ
564 2329 597 2410 τῇ
613 2329 711 2388 ἑαυτοῦ
730 2343 801 2409 133,
816 2341 872 2407 39.
909 2322 946 2407 b)
961 2323 1010 2386 ob.
1029 2326 1112 2386 έλειῖν
1126 2323 1169 2384 έπί
1184 2325 1241 2395 τοῖς

142 2408 281 2482 ἂκουσίοις
293 2409 437 2490 παθήμασι
452 2416 563 2491 μᾶλλον
577 2411 719 2494 προσήκει,
734 2408 749 2486 ἢ
764 2414 820 2483 τοῖς
837 2409 970 2482 ἑκουσίοις
992 2409 1041 2471 καί
1063 2413 1094 2471 in
1115 2405 1242 2494 προνοίας

142 2495 295 2576 ἀδικήμασι
320 2496 462 2575 114,18.
507 2497 549 2558 έπί
572 2500 627 2570 τοῖς
649 2495 768 2575 ίματίοις
789 2495 976 2580 διαφθαρῆναι,
989 2493 1031 2559 ob
1049 2507 1160 2571 vestes,
1175 2516 1241 2580 quo

142 2577 298 2644 homicida
314 2581 451 2646 vestibus
465 2581 594 2667 peremti
606 2580 749 2752 pptistur
763 2598 836 2663 117,
853 2600 883 2646 2.
895 2595 928 2666 5.
957 2602 1030 2666 119,
1046 2601 1098 2663 40.
1142 2585 1175 2665 o)
1190 2583 1239 2643 in.

142 2666 186 2728 διεδ
200 2672 241 2752 τῷ
254 2665 403 2752 γυμνασία
423 2687 493 2747 121,
511 2671 562 2734 26.
681 2689 764 2746 erret,
778 2667 811 2732 in
833 2666 974 2746 arbitrio,
988 2681 1153 2755 potestate.
1197 2668 1240 2729 tet

141 2755 198 2826 τοῖς
212 2760 268 2815 τῶν
281 2731 443 2840 κατηγόρων
456 2753 550 2836 λόγοις
565 2753 642 2830 είναι,
655 2691 728 2830 ξέν’
744 2757 835 2826 αὐτοῖς
849 2755 905 2827 τοῖς
920 2753 1008 2838 ἔργοις
1020 2755 1068 2816 καί
1079 2759 1112 2838 τῇ
1125 2752 1240 2838 ἀληθείᾳ

141 2844 195 2901 τῶν
210 2837 395 2922 πραγμάτων.
438 2861 503 2903 non
515 2862 606 2926 posse
618 2840 730 2919 facere,
745 2837 915 2927 quominus
930 2838 1055 2926 judices
1076 2837 1240 2925 pronunti-

142 2937 195 2987 ent
211 2923 310 3022 magis
330 2925 503 2989 secundum
523 2926 751 2991 criminationes
772 2937 1000 3003 accusatorum,
1014 2947 1110 3012 quam
1133 2946 1241 2988 secun-

141 3007 219 3074 dum
234 3033 278 3074 rer
293 3025 390 3097 gestae
403 3010 565 3078 veritatem
585 3032 657 3097 129,
672 3027 727 3099 37.
771 3009 883 3075 ἅπαντα
900 3014 938 3073 τά
957 3015 983 3074 ἐν
1005 3013 1098 3097 ἀδήλῳ
1121 3010 1158 3073 ἔπ’
1173 3009 1240 3073 όιπα

141 3098 185 3158 διεδ
199 3101 231 3182 τῇ
245 3097 320 3184 τύχῃ
334 3103 446 3179 μάλλον
460 3099 606 3162 ἀνάκειται
620 3099 635 3176 ή
650 3105 683 3184 τῇ
699 3097 810 3188 προνοίᾳ
820 3097 919 3196 magis
929 3097 1061 3162 fortuito
1070 3097 1155 3162 casui
1169 3118 1240 3184 per·

142 3181 294 3247 mittenda
309 3197 383 3248 sunt
396 3207 493 3270 quam
512 3199 547 3250 ut
566 3209 603 3250 ea
623 3184 713 3250 liceat
734 3183 904 3271 prudenua
923 3185 1100 3270 gubernare
1118 3204 1191 3269 130,
1205 3205 1238 3264 4.

140 3271 174 3353 e)
189 3268 222 3332 in
237 3269 381 3334 fraudem
401 3270 543 3358 aiicujus
587 3276 697 3348 ήτᾶσα
711 3278 873 3356 παρασκευὴ
888 3271 1038 3354 γεγένηται
1052 3273 1093 3333 ἐπ’
1109 3271 1167 3352 ipsi
1188 3274 1240 3332 κά·

141 3353 220 3464 κείνμ
238 3356 310 3443 138,
324 3373 380 3442 37.
421 3359 561 3442 χρήματα
576 3358 747 3436 λαμβάνοιεν
762 3358 802 3419 ἐπ’
819 3360 877 3437 ἐμοὶ
895 3375 968 3438 147,
981 3358 1012 3419 8.
1032 3357 1239 3437 11.;·έρίίμῖν

139 3465 284 3525 γινομενον
298 3464 369 3506 curn
386 3465 435 3507 res
448 3443 481 3506 in
540 3455 680 3508 testatem
696 3458 830 3506 vestram
846 3441 1020 3506 devenisset
1033 3444 1099 3505 An.
1118 3461 1169 3520 11,
1187 3460 1237 3519 14.

140 3532 177 3591 τοί
193 3525 312 3614 ὑμίτιρα
327 3533 417 3594 αὐτῶν
431 3467 541 3604 &cdiii
557 3533 595 3610 ἐφ’
611 3533 673 3609 ὑμῖν
688 3530 764 3592 ἐστίν
780 3547 832 3604 11,
852 3545 902 3613 15.
948 3527 1134 3614 πραττόμενος
1149 3526 1238 3612 ἀργό-

138 3637 195 3698 ριον
209 3614 252 3677 tet
267 3618 323 3690 τοῖς
336 3614 500 3700 αἰσχίστοις
516 3615 615 3702 ἔργοις,
631 3617 700 3695 ἔζης.
737 3613 890 3693 mercede,
904 3636 999 3699 quam
1018 3612 1176 3698 exigebas,
1192 3611 1239 3674 in-

139 3698 231 3763 famis
252 3700 422 3787 patientiae,
437 3701 533 3766 vitam
554 3699 717 3779 tolerabas,
734 3699 783 3764 vei
798 3699 916 3764 victum
937 3699 1101 3797 quaerebas
1118 3717 1237 3783 13,19.

140 3785 186 3848 nt
199 3811 261 3864 τινι,
277 3786 310 3850 in
324 3786 468 3852 fraudem
488 3787 631 3874 alicujus,
645 3787 714 3874 ejus
735 3786 957 3874 pessurndandr
979 3809 1056 3872 ergo
1076 3789 1239 3868 εἰσενεγκεῖν

137 3873 278 4020 §pipare
293 3889 344 3958 17,
358 3875 405 3938 16.
436 3876 478 3938 ἐπὶ
490 3877 584 3954 παντί,
600 3897 791 3960 quocunque
804 3872 885 3952 loco,
896 3873 1066 3951 occanone,
1080 3885 1239 3958 praetextu

162 3971 215 4022 ato
228 3973 392 4046 arreptove
408 3980 460 4038 20,
481 3961 528 4024 18.
572 3961 634 4036 τοὺς
649 3968 740 4024 ταῦτα
755 3961 962 4038 βουλεύσαντας
977 3961 1021 4036 ἔφ’
1036 3965 1098 4041 ὑμῖν
1118 3957 1187 4022 haec
1205 3957 1238 4021 in

139 4057 258 4131 pestem
274 4059 409 4110 vestram
429 4045 621 4111 machinatos
637 4065 688 4124 11,
710 4067 755 4131 19.
794 4048 838 4109 ἐπὶ
860 4052 893 4132 τῇ
916 4052 960 4109 νῦν
982 4045 1072 4130 ιῦνοίρ
1093 4044 1135 4108 ob
1156 4066 1236 4123 earn,

138 4152 214 4217 quae
236 4130 314 4196 mihi
335 4153 420 4196 nunc
442 4145 499 4211 est,
520 4133 614 4196 vestri
636 4131 806 4200 studiosam
822 4131 1014 4196 voluntatem
1038 4149 1090 4206 22,
1105 4150 1157 4211 44
1195 4132 1239 4192 ἐπὶ

139 4221 228 4301 ῥητοῖς
241 4220 360 4293 σπονδὰς
373 4219 477 4302 ήγομεν
494 4220 546 4296 26,
567 4233 614 4303 15.
658 4223 762 4295 στῆλαι
778 4219 962 4294 σταθήσονται
977 4217 1175 4302 γεγραμμέναι
1195 4218 1238 4279 ἐπί

140 4301 245 4377 τούτοις
267 4317 323 4368 aut
342 4319 414 4391 post
435 4305 503 4369 hsec
524 4317 626 4454 pecta,
641 4316 697 4368 aut
716 4303 888 4367 secundum
909 4302 976 4366 haec
1038 4317 1100 4379 cta,
1112 4302 1143 4366 h.
1159 4324 1185 4366 e.
1202 4301 1239 4366 iis

139 4389 369 4469 convenienter,
384 4407 440 4456 sut
454 4413 519 4478 quo
555 4412 600 4455 oec
611 4403 702 4477 pocta
715 4389 757 4453 ad
767 4411 875 4454 omnes
884 4410 998 4476 promu
1010 4403 1171 4475 gerentur,
1183 4403 1240 4453 aut

141 4488 178 4538 ut
192 4489 294 4542 essent
310 4476 535 4542 documentum
555 4490 587 4541 et
610 4489 847 4540 monumentum
870 4475 983 4539 borum
1006 4488 1169 4562 pactorum
1186 4489 1238 4556 27,

660 4585 682 4626 Δ
697 4585 715 4626 a
732 4581 750 4628 2
