3009 4992
516 208 838 290 oniscmnms.
1163 228 1226 312 209·

120 384 306 495 νέρχιθριιρθας
319 393 382 461 sub
394 406 551 483 pstetextu
566 393 840 461 architheosiseD.
858 384 932 473 100,
947 384 1003 479 3ο.
1025 396 1075 462 11.
1086 394 1224 463 cum-acss

118 495 274 561 eusauvo,
285 496 424 570 propter.
448 482 650 567 ἀναγκασθέντ’
663 484 755 547 αὐτῶν
764 481 858 545 οὐθένα
870 483 913 543 δεῖ
919 482 1047 565 χρηντδο
1056 485 1143 548 δοκεῖν
1152 484 1223 559 εἶναι

118 568 249 652 τήμερον,
267 572 348 632 ἀλλὰ
367 570 400 631 δι’
414 568 497 631 αθτδν
515 586 591 653 390,
611 570 658 631 16.
689 580 820 665 psopter
838 580 947 643 semet,
969 580 1081 654 sponte
1102 592 1170 635 sua.
1195 574 1222 635 νδ

119 660 159 735 μὴ
172 654 366 741 διὰ-(911011
383 668 430 719 est
448 652 542 731 idem,
557 666 654 739 atquc
675 676 701 717 ss
722 653 755 717 in
857 651 977 717 dictum
991 670 1073 718 esset
1085 661 1109 718 εἰ
1121 660 1161 737 μη
1176 660 1222 721 διὰ

118 742 167 803 τδν
188 740 272 819 δεῖνα,
287 740 338 805 vsl
360 743 404 803 διδ
426 741 458 803 τδ
478 741 526 802 καὶ
548 741 580 802 τδ
603 739 734 817 suumn,
750 762 790 803 ve
822 736 918 812 άλλας
939 739 1070 825 γέγονεν)
1085 740 1144 805 nisi
1164 764 1222 829 per

118 824 217 903 hunc,
232 825 283 889 vel
303 826 393 891 illum
416 824 559 902 stetisset,
575 824 634 888 nisi
647 824 711 905 ille,
726 825 777 889 vel
795 823 876 887 illud
890 824 1120 891 intercessisset.
1143 832 1166 890 εἰ
1179 832 1221 910 μὴ

88 972 96 991 ,
120 912 165 973 διὰ
180 911 481 992 Λακεδαιμονθουςήθ
494 916 533 992 μὴ
548 912 580 973 δι’
593 912 843 993 Ἡγήσιππον-νδ
852 914 892 992 μὴ
906 912 951 974 tut
964 909 998 974 πδ
1012 914 1060 976 καθ
1075 914 1119 991 τδ,
1136 912 1220 999 [scil.

121 1000 251 1079 συμβὰν,
271 997 322 1061 vel
346 996 467 1081 έμποδοδν
491 997 650 1085 γτθθμινον]
672 998 814 1077 έσύθησαν
833 994 868 1060 ev
892 1002 917 1060 οθ
939 1001 1048 1073 Φωκεῖς
1069 1002 1145 1085 361,
1169 1021 1221 1065 10.

118 1096 195 1168 370,
209 1101 240 1168 3.
285 1088 308 1146 εδ
328 1089 367 1167 μι)
386 1086 432 1146 διὰ
448 1084 480 1145 τδ
497 1082 645 1160 βούλεσθαι
659 1083 771 1157 τούτους
784 1092 889 1147 cosas.
926 1082 960 1145 Si
973 1083 1134 1163 abfuisset,
1152 1086 1218 1171 (vel

118 1168 193 1232 siin
207 1191 301 1233 causa
314 1192 377 1234 non
392 1167 516 1253 fuisset)
539 1167 680 1232 studium
701 1190 808 1232 meum
824 1166 894 1232 illos
908 1168 1050 1233 servandi
1065 1171 1220 1263 malisque

119 1253 274 1342 eripiendi
293 1269 370 1341 395,
385 1256 415 1319 6.
461 1260 484 1318 st
503 1258 542 1336 μὴ
564 1257 596 1317 δι’
617 1260 699 1337 ὑμᾶς.
722 1254 782 1319 11ὶεί
801 1276 856 1319 sos
869 1254 1064 1321 obstitissetis
1076 1259 1152 1337 680,
1168 1274 1220 1343 27.

119 1341 196 1418 έξοδ
211 1344 372 1429 κυρωθέντος
392 1339 435 1419 δν,
459 1345 481 1404 st
499 1344 538 1423 μδ
559 1342 592 1403 δι’
605 1346 676 1422 ἡμᾶς
692 1342 740 1405 ααδ
760 1332 864 1419 ταύτην
881 1344 931 1420 τὴν
942 1346 1053 1426 γραφὴν
1069 1340 1151 1429 [scil.
1167 1350 1218 1410 οθνι

119 1427 249 1513 ἐκυρώθη,
263 1426 315 1491 vel
328 1426 449 1503 δκεολθθη
464 1428 635 1575 νυροθῆναι7
650 1448 716 1513 qus
736 1450 756 1491 e
776 1426 845 1514 lege
866 1426 997 1513 perlata,
1011 1450 1086 1515 quse
1106 1429 1220 1517 utique

118 1511 240 1598 perlata
251 1512 373 1591 fuisset,
385 1512 444 1577 nisi
457 1534 515 1577 nos
528 1530 600 1576 cum
637 1534 673 1576 sc
687 1526 795 1577 nostra
806 1513 929 1577 actione
939 1513 1223 1582 intercessissemus,

118 1598 194 1676 680,
211 1601 265 1665 26·
303 1596 373 1665 loeo
386 1597 526 1711 genitivi.
550 1595 628 1675 έξιθν
643 1600 735 1682 λέγεις
750 1601 799 1663 καδ
815 1603 930 1680 δρυλεῖς,
943 1600 1027 1681 μηδέν
1040 1603 1154 1667 έλάττνι
1166 1607 1217 1681 τὴν

117 1685 178 1767 ττρδ
193 1692 299 1749 σαυτοῦ
314 1687 434 1764 πθδοξιαν
448 1684 619 1761 πεποιῆσθαι,
636 1682 651 1761 δ
666 1686 710 1748 tot
724 1686 818 1748 πάντα
835 1689 875 1748 τοὶ
893 1687 990 1749 λοιπά.
1014 1708 1074 1773 pro
1088 1690 1134 1752 διδ
1146 1689 1218 1753 τάνὲ

120 1794 174 1833 τιον
187 1776 244 1833 τῶν
257 1776 358 1840 λοιπῶν
376 1786 470 1852 1407,
482 1772 610 1835 σαεδι·
625 1769 654 1833 8ο
669 1775 705 1845 εἰς
720 1769 839 1853 δημότας
857 1773 1006 1858 θννρρίιρης
1021 1773 1079 1837 AE.
1094 1774 1149 1853 48,
1167 1792 1216 1856 14

118 1856 201 1929 οθδιδς
214 1861 289 1938 ὑμῶν
303 1859 348 1919 διδ
364 1860 416 1931 τοδς
435 1858 504 1937 tots
522 1858 615 1933 ἡδονὰς
635 1857 732 1920 κάκιον
753 1862 824 1921 ciui
841 1873 897 1942 52,
911 1876 966 1943 31.
1009 1860 1072 1933 τυδς
1092 1861 1125 1921 δι’
1141 1860 1220 1925 utet·

117 1942 197 2020 βειαν
211 1942 351 2025 φυγόντας
365 1938 530 2027 κατθρραχον
545 1957 598 2025 71,
614 1960 647 2026 3.
691 1944 736 2005 διοὶ
754 1950 836 2006 τοῦτο
852 1949 912 2031 γὰρ
925 1944 1003 2025 οδμαι
1017 1947 1101 2025 ιἠράς,
1115 1948 1217 2023 παῖδας

117 2024 208 2105 ὄντας,
223 2032 273 2102 τοδς
295 2034 349 2090 τῶν
371 2036 485 2105 ποιητῶν
506 2027 621 2113 γνώμας
643 2028 828 2110 ἐκμανθάνιιν,
849 2028 881 2093 ἵν’
900 2026 993 2114 ἄνδρες
1011 2029 1095 2109 ὄντες,
1118 2036 1218 2109 αθταῖς

115 2112 289 2197 χρησώμεθα
310 2129 414 2197 73,1.
458 2114 503 2175 διὰ
520 2114 582 2187 τοὺς
602 2116 804 2195 έπιφερομένυυς
817 2118 895 2200 αὐτῷ
916 2115 1047 2188 κινδύνους
1069 2131 1123 2198 77,
1137 2133 1209 2201 5.=

118 2201 147 2259 οὐ
162 2200 196 2259 δι’
211 2199 273 2280 stt,
288 2220 351 2262 non
370 2220 440 2263 mea
460 2196 565 2285 culpa,
579 2202 660 2262 ἀλλὰ
681 2201 726 2261 ne
746 2203 800 2274 τὰς
820 2206 869 2275 τῆς
889 2200 994 2275 πόλιας
1014 2205 1159 2287 συμφοράς
1178 2207 1221 2283 εἰς,

116 2282 211 2347 πενθαυ
224 2288 330 2362 πολλὴν
345 2284 484 2361 κατέστην
500 2288 566 2349 Α11.
585 2285 637 2362 18,
651 2285 887 2365 40.εᾶπολέσαι
903 2287 1148 2369 παρεσκευάσαντο
1166 2291 1217 2367 την

116 2368 208 2447 stus,
223 2374 247 2432 εθ
260 2374 298 2451 μὴ
314 2372 345 2433 δι’
361 2368 457 2455 ἄνδρας
473 2369 604 2453 ἀγαθούς.
631 2372 702 2456 isit
714 2370 779 2433 tad
796 2380 852 2435 not
864 2373 940 2435 bem
1020 2394 1104 2436 tome
1116 2374 1214 2438 bravo

117 2474 189 2517 νιισνο
205 2456 246 2521 L.
265 2470 337 2543 125,
353 2459 405 2540 36.
428 2458 543 2523 TAYL.
562 2478 591 2519 ν.
606 2454 689 2520 infre
702 2456 763 2521 sub
775 2480 809 2520 v.
825 2462 857 2521 εδ.
873 2458 971 2522 simis
991 2472 1038 2522 est
1056 2457 1136 2524 illud
1158 2459 1216 2523 Li-

116 2539 202 2604 bsuii
217 2557 239 2605 t.
257 2541 287 2605 I.
300 2564 331 2628 p.
349 2543 423 2621 842,
442 2546 491 2606 16.
521 2546 570 2621 ὥς,
587 2546 610 2604 ιθ
623 2546 662 2623 μὴ
677 2545 721 2604 na
734 2545 783 2606 τὸν
795 2546 979 2622 Ἀσκληπιὸν,
996 2544 1082 2626 (sub.
1097 2545 1223 2629 θσῶθην),

116 2624 241 2711 ᾠχόμην.
265 2627 353 2713 quasi
366 2627 408 2691 de
421 2650 471 2691 me
486 2642 590 2693 actum
605 2627 725 2705 fuisset,
741 2628 800 2693 nisi
810 2652 867 2717 per
881 2628 1101 2717 AEsculspium
1114 2630 1215 2695 stetis-

116 2724 175 2790 set,
190 2711 224 2777 h.
238 2736 267 2776 e.
287 2712 345 2777 nisi
362 2714 564 2801 AEsculapius
583 2714 777 2778 intercedens
798 2738 848 2779 me
869 2729 1032 2779 servasset.
1189 2754 1193 2759 ·

158 2798 323 2886 διαβαθνειν]
347 2805 384 2874 οἷς
404 2802 561 2880 Σαλαμῖνα
582 2802 716 2877 διέβασαυ
735 2802 809 2887 (pro
822 2802 967 2886 διέβησαν)
985 2801 1049 2888 Ly.
1069 2804 1142 2886 156,
1158 2802 1212 2869 28.

116 2882 144 2949 εδ
157 2885 263 2965 μινέτα
276 2888 376 2960 διαβὰς
388 2888 469 2949 ποσδν
482 2886 676 2973 ἀμφοτέροισιν
694 2888 766 2971 163,
785 2901 833 2969 17.

158 2971 337 3058 διαβάλλειν]
362 2978 433 3054 ἡμεῖς
448 2974 611 3052 διαβάλλων
626 2975 674 3036 καὶ
689 2976 737 3049 τὴν
751 2972 885 3058 ἡμετέραν
903 2972 1049 3037 άτυυσθαν.
1072 2971 1212 3037 odiosam

116 3066 147 3119 et
161 3070 336 3143 suspectam
353 3058 456 3122 verbis
466 3058 591 3138 faciens,
607 3058 773 3123 traducens
790 3076 841 3137 10,
857 3073 889 3143 5.
928 3058 1052 3133 ἅπαντας
1063 3058 1214 3144 ὑφορᾶσθαι

116 3143 165 3205 καθ
180 3144 380 3223 διαβεβλῆσθαι
394 3146 460 3225 πρὸς
475 3146 557 3207 αὐτδν
569 3144 675 3213 animo
688 3144 867 3209 exulcerato
884 3143 1034 3209 adversus
1047 3167 1120 3208 cum
1135 3166 1215 3223 esse,

115 3228 327 3315 suspicionum
338 3228 443 3317 pleno,
453 3229 616 3305 malevolo,
631 3230 773 3295 alienato.
784 3250 856 3316 153,
876 3250 926 3315 19.
971 3237 995 3294 ot
1008 3232 1037 3295 at
1049 3233 1112 3305 τοὺς
1125 3231 1215 3294 κόλα-

115 3340 167 3388 ιιας
194 3316 243 3377 καδ
265 3318 329 3390 τοὺς,
353 3317 559 3394 διαβάλλοντας
581 3320 678 3390 αὐτοὺς
703 3322 826 3399 μάλλον,
849 3317 865 3391 θη
886 3321 938 3390 τοδς
959 3318 1072 3401 μάχας,
1095 3317 1215 3378 δεδθασιν

117 3414 190 3485 155,
207 3416 239 3482 7.
282 3406 334 3476 τοὶς
355 3407 432 3489 παροδ
454 3410 508 3466 τῶν
530 3402 738 3481 διαβαλλόντων
758 3408 807 3480 τὴν
827 3402 907 3465 πάλιν
929 3409 1005 3482 ἡμῶν
1026 3399 1213 3485 βλασφημίας

115 3484 188 3572 έργορ
202 3493 276 3567 μετὰ
291 3494 379 3563 καλῆς
397 3487 473 3567 δθὲης
492 3490 688 3552 ἀπολύσασθαι
709 3508 781 3572 191,
798 3508 830 3572 9.
873 3491 1018 3573 χαριεῖται
1038 3487 1090 3567 μέν
1108 3486 1216 3548 οὐδετέ-

114 3596 180 3653 ροις,
203 3574 423 3653 διαβεβλθρσεται
438 3576 466 3639 δέ
480 3576 544 3660 πρὸς
559 3572 728 3661 ἀμφοτέρους
742 3572 776 3637 in
794 3571 929 3658 alicujus
945 3570 1144 3636 offensionem
1167 3569 1215 3633 in-

114 3678 250 3737 currere,
265 3656 297 3722 in
313 3658 462 3724 invidiam
476 3680 573 3748 penes
587 3658 722 3746 aliquem
738 3657 844 3723 venire
859 3678 933 3736 σου,
952 3672 1002 3740 17.
1045 3656 1060 3721 δ
1076 3664 1120 3720 νῦν
1134 3655 1213 3730 οὗτος

112 3744 253 3819 πολλάκις
275 3744 408 3819 διέβαλλν
430 3750 479 3811 καὶ
499 3748 634 3834 διοορθζετο
657 3748 731 3831 263,
756 3760 806 3831 25.
851 3748 901 3807 οὔκ
915 3742 949 3807 άν
963 3748 1001 3806 τοδ
1016 3742 1143 3826 μέγιστα
1157 3750 1213 3806 τάν

112 3829 251 3917 ὑμετέραν
266 3839 361 3895 καλοῦν
376 3832 501 3908 θβλαστι
516 3834 564 3895 καθ
578 3834 710 3911 διέβαλλε
724 3850 801 3917 313,
818 3850 869 3896 20.
912 3830 1131 3911 διαβεβλήσεται
1145 3830 1213 3917 πρδς

112 3915 284 4001 ἀμφοτέρους
301 3936 396 3999 1424,
412 3938 441 4002 9.
464 3919 502 3982 λι
519 3918 584 3981 will
600 3918 704 4005 ‹afflsd
723 3940 762 3982 or
766 3918 842 4004 foll
860 3926 916 3982 ost
937 3916 1013 3981 atet
1026 3916 1222 4000 soa1430,.

114 4018 132 4065 2
133 4014 164 4085 5.
197 4008 247 4065 τοῦ
262 4003 345 4083 θέρμου
358 4002 424 4091 πρδς
438 4006 500 4079 τοὺς
514 4005 579 4087 ὑπέρ
592 4008 676 4067 αιἰτοῖι
692 4004 826 4088 λέγοντας
841 4006 884 4067 ὑπ’
899 4003 1043 4083 ἀνθρώπων
1053 4000 1213 4085 θγκαθέταν

111 4086 304 4165 διαβληθέντος
317 4088 503 4154 exacerbato
517 4088 603 4153 falsis
622 4088 786 4154 calumniis
803 4088 1044 4154 obtrectantium
1068 4087 1163 4173 1483,
1181 4108 1211 4152 1.

111 4173 194 4257 λύγοι
216 4176 415 4253 διαβαλοῦντες
430 4180 480 4251 την
498 4178 564 4256 έμῆν
582 4174 693 4250 ἡλικθαν
712 4194 869 4239 sermones
885 4175 1086 4261 juventutem
1108 4194 1211 4239 meam

111 4256 304 4323 ininvidiam
315 4274 571 4348 contemtumque
585 4260 755 4325 adducturi
769 4278 924 4345 1340,11.
955 4261 1149 4343 ἐπιθυμοῦντας
1162 4264 1211 4334 τῆς

112 4343 185 4423 mis,
201 4346 417 4427 διαβεβληκέναι
433 4349 515 4411 αύτδν
533 4350 560 4411 έν
579 4350 620 4431 τῷ
634 4346 756 4432 έμτορθου
771 4348 846 4430 894,
866 4364 917 4411 12.
941 4344 1118 4424 infamasse,
1132 4342 1210 4409 acsi

111 4430 201 4506 ,τεανίο
213 4432 282 4519 ejus
292 4454 356 4497 11011
367 4432 421 4515 sit,
428 4444 485 4498 sut
493 4431 642 4499 solvendo
650 4432 705 4497 aeri
715 4411 817 4497 aiieno
827 4431 932 4497 minus
944 4454 1004 4519 per
1018 4431 1067 4497 sit
1089 4429 1210 4510 διαβάλ·

154 4538 283 4589 OBA'H'·
296 4540 376 4587 m.
668 4538 687 4582 P
