3009 4992
290 213 355 298 ,ιο
766 215 916 282 rnnsx

289 407 394 474 poenae
415 408 530 472 genere
554 397 677 453 tacente
698 406 732 473 3,
756 403 805 472 15.
859 381 1020 473 ἐπιγράφειν
1045 385 1164 452 laceror
1186 387 1312 474 ὄιδέοιηριοι
1335 395 1394 467 τοῖς

289 478 471 560 πράκτορσιν,
485 474 561 541 dare
574 473 740 562 pittacium
754 473 976 562 quaestoribus,
988 497 1054 561 quo
1068 475 1297 564 consignatum,
1311 477 1393 566 quid

289 559 427 640 mulctas,
442 585 463 626 a
484 584 561 649 quo,
576 583 642 649 qua
664 560 705 626 de
725 584 833 639 causa,
849 559 889 626 sit
910 582 966 647 per
987 583 1040 626 eos
1061 561 1265 650 exigendum,
1291 588 1393 653 coque

289 659 476 735 potestatem
497 646 644 735 exigendi
668 645 706 711 iis
725 648 828 712 facere
853 660 886 732 5,
899 647 951 733 36.
996 647 1091 734 paulo
1113 663 1184 736 post
1208 674 1239 714 v.
1262 671 1317 732 40.
1343 665 1393 718 est

290 734 453 834 ἐγγράφειν.
477 732 700 833 ἐπιγραφομένων
709 737 837 833 τοιούτοιν
851 732 967 832 ρητόριρν
982 735 1025 834 ixl
1039 739 1091 810 τὰς
1101 743 1150 800 τοῦ
1165 737 1249 836 δήμου
1262 737 1391 824 γνώσεις,

288 820 572 994 3111311'31'
572 835 929 992 mllffl‘jmllssplll.
936 820 1106 992 'lilim
1118 822 1405 994 dimili·

289 996 333 1058 ἐπὶ
346 997 378 1056 τὸ
393 993 566 1079 γιγνόμενον,
581 1006 739 1059 auctorem
755 1007 788 1058 et
802 993 977 1058 effectorem
998 993 1044 1058 rei
1064 1007 1161 1080 gestae
1177 1017 1209 1060 se
1222 995 1315 1075 ferre,
1331 996 1390 1062 sibi

286 1079 419 1168 glorium
434 1081 583 1146 confectoe
597 1103 744 1167 arrogare
759 1094 811 1164 77,
827 1099 882 1167 34.
919 1081 959 1160 ἐφ’
975 1076 1028 1164 ᾧτε
1041 1084 1080 1160 μὴ
1095 1081 1257 1164 ἐπιγράφειν
1270 1086 1309 1146 τοὶ
1324 1089 1389 1148 ἐαυ-

288 1175 343 1232 πῶν
364 1167 500 1250 ὀνόματα,
524 1189 565 1230 ne
586 1189 644 1232 sua
665 1166 794 1232 nomina
814 1164 1017 1231 inscriberent
1036 1167 1089 1245 80,
1104 1169 1389 1254 3.;ἐπιγρᾶψαντες

288 1258 362 1336 σφὰς
375 1254 474 1328 αὐτοὺς
487 1252 645 1340 ἐπιτρόπους
662 1254 692 1318 Ι.
704 1272 820 1338 59,4a.
844 1257 880 1316 ln
896 1251 1009 1317 medin.
1025 1254 1225 1339 ἐπιγράφεσθαι
1240 1259 1281 1340 τῷ
1296 1256 1389 1344 κλήρορ

287 1339 353 1424 τρέα
372 1341 503 1404 τάλαντα
524 1339 558 1404 in
578 1339 684 1404 libello
722 1338 854 1426 unquis
874 1337 1079 1403 hereditatem
1097 1339 1188 1426 petit,
1202 1363 1335 1429 eamque
1355 1365 1389 1406 se

283 1426 358 1513 jure
370 1439 478 1514 petere
487 1425 650 1513 judicibus
665 1364 812 1505 affirmat,
828 1425 929 1492 tribus
949 1423 1072 1490 talentis
1086 1447 1155 1492 eam
1172 1426 1336 1506 estimare,
1352 1441 1388 1494 ut

287 1513 314 1578 si
335 1526 601 1600 contrapetentem
622 1512 781 1592 vincat,is
802 1512 861 1578 sibi
882 1535 941 1600 pro
961 1511 1079 1578 mulcta
1101 1511 1288 1578 tantundem
1309 1536 1388 1601 pras-

288 1613 369 1664 stare
380 1598 494 1664 debeat
506 1602 561 1687 38,
579 1621 627 1666 10.
650 1599 855 1685 Θρασυμάχου
868 1599 1065 1684 ἐπεγράψαντο
1079 1597 1125 1662 rob
1136 1599 1340 1687 Νικόστρατον.
1354 1599 1388 1664 in

286 1684 392 1752 libello
406 1709 465 1751 suo
479 1686 625 1773 petitorio
638 1686 840 1774 scripserunt,
859 1684 908 1750 vel
930 1707 950 1750 a
970 1683 1239 1750 commentariensi
1283 1685 1393 1752 ublico

287 1771 321 1836 in
345 1771 461 1838 tabulis
485 1773 620 1859 publicis
644 1771 787 1837 annotari
812 1785 974 1849 curarunt,
1000 1793 1032 1835 se
1052 1784 1159 1922 getere
1183 1709 1387 1838 hereditatem

285 1857 371 1923 illius
385 1857 567 1938 Nicostrati,
584 1858 641 1946 qui
656 1858 741 1924 filius
759 1871 839 1924 esset
858 1858 1054 1945 Thrasymac
1077 1856 1157 1939 146,
1171 1878 1226 1945 33.
1269 1861 1313 1922 lna
1336 1859 1387 1944 ρά-

288 1947 385 2027 asta.
398 1947 511 2029 γυναικὶ
527 1944 613 2029 ὄνομα
627 1968 685 2033 pro
699 1943 842 2033 simplici,
863 1967 990 2032 operam
1005 1943 1091 2023 dare,
1106 1957 1144 2008 ut
1158 1943 1281 2008 mulieri
1326 1944 1388 2009 icui

287 2052 402 2094 nomen
416 2029 545 2117 aliquod
559 2046 681 2098 certum
702 2031 736 2096 in
758 2030 874 2097 tabulis
895 2029 1029 2119 publicis
1050 2029 1252 2117 consignetur
1263 2051 1319 2111 41,
1340 2051 1387 2117 13.

286 2115 320 2181 in
339 2140 423 2205 pass.
441 2125 500 2193 πῶς
521 2118 574 2182 οἷόν
595 2144 626 2182 τε
647 2125 688 2204 τῷ
703 2119 779 2204 ἀνδρὶ
801 2117 845 2180 δύο
866 2116 989 2203 πατέρας
1004 2116 1204 2202 ἐπιγράφεσθαι
1218 2117 1275 2197 46,
1289 2136 1384 2199 40.:

286 2203 524 2287 ἐπιγεγραμμένοι
547 2209 584 2280 sl,
605 2205 667 2280 τοὺς
688 2205 860 2291 πράκτορας,
881 2225 1017 2291 quorum
1040 2202 1177 2281 nomina,
1198 2201 1230 2267 in
1253 2202 1388 2292 pittaciis

286 2290 470 2378 perscripta,
483 2290 682 2356 exactoribus
704 2290 819 2355 tradita
841 2303 925 2371 sunt,
940 2303 977 2354 ut
995 2289 1103 2356 debita
1119 2288 1197 2377 reip.
1212 2290 1254 2355 ab
1267 2289 1306 2354 iis
1319 2289 1387 2354 exi·

287 2390 365 2526 ffit
379 2378 444 2440 An.
464 2397 514 2455 10,
528 2397 548 2462 3
549 2377 843 2464 ,fingamus
856 2376 1072 2462 Ἀναγυράσιος.
1090 2374 1158 2462 ipse
1172 2389 1270 2475 semet
1282 2374 1388 2463 appel-

366 2464 401 2526 A
486 2485 601 2528 rossum
615 2487 648 2528 m
663 2462 819 2550 capitibus
832 2462 1006 2529 libellorum
1022 2474 1297 2541 accusatonorum,
1308 2483 1388 2549 quoa

287 2485 521 2635 magutiidlus
536 2549 680 2616 exhibuit
693 2551 735 2614 L.
751 2551 824 2636 136,
838 2562 894 2636 33.
921 2563 993 2635 137,
1004 2563 1035 2660 3.
1068 2549 1307 2637 ἐπιγεγραμμένοι
1322 2547 1387 2613 scil.

287 2635 331 2698 ἐπὶ
344 2640 394 2698 τοῦ
410 2635 542 2713 σανιδίου,
556 2659 616 2724 pro
629 2640 817 2724 ἐγγεγραμμ.
836 2640 908 2716 146,
919 2637 950 2700 8.
979 2637 1068 2724 ρρδιοε
1082 2642 1184 2720 γνῶναι
1198 2639 1231 2698 ἐν
1244 2641 1295 2698 τοῦ
1308 2636 1389 2715 τιμή-

286 2745 375 2803 ματος
390 2727 439 2784 τοῦ
453 2723 697 2808 ἐπιγεγραμμένου
715 2727 773 2798 τοῖς
790 2723 921 2806 χρήμασι
942 2722 1015 2803 148,
1028 2740 1082 2803 40.
1127 2718 1207 2799 δόξαν
1221 2720 1323 2801 ἐμελλε
1337 2719 1387 2801 ei·

283 2833 341 2892 ρειν
354 2811 393 2871 τοὶ
407 2808 451 2872 ὑπ’
467 2806 563 2872 ἄλλων
585 2815 607 2874 sl
640 2809 713 2889 με’να
734 2809 945 2896 ἐπιγραφομένερ
966 2829 1075 2874 eorum
1095 2806 1306 2872 inventionem
1329 2805 1388 2872 sibi

286 2893 456 2980 arroganti.
471 2916 523 2981 ap.
541 2836 676 2960 Suidiin
690 2919 720 2960 v.
737 2893 1088 2982 ἐπιγραφομένῳ.εό’νομα
1103 2896 1170 2969 Διδς
1184 2899 1316 2979 σοντῆρος,
1331 2896 1389 2958 ἐπι-

286 2980 402 3063 γράφειν
422 2982 488 3067 πρδς
506 2984 556 3059 τὴν
569 2981 756 3068 εἰσαγγελίαν
778 2982 841 3069 Ly.
861 2984 933 3064 167,
949 2999 1001 3047 21.
1044 2982 1083 3044 τοὶ
1102 2983 1216 3065 ἐλεγεῖα
1237 2983 1275 3045 τοὶ
1295 2981 1388 3065 ἐπιγε-

281 3065 440 3150 γραμμένα
454 3070 481 3130 ἐν
495 3071 553 3142 τοῖς
566 3069 705 3151 μνημείοις
722 3069 795 3146 168,
815 3068 957 3133 10.=rlv
971 3069 1014 3131 ἐπὶ
1028 3071 1084 3142 τοῖς
1098 3072 1146 3143 τῆς
1159 3066 1265 3140 πόλεως
1276 3067 1388 3152 ἀτυχῆ-

285 3175 375 3232 μασιε
388 3154 640 3301 ἐπὺγεγραμμένοι.
659 3154 710 3219 cui
724 3153 829 3220 clades
842 3154 921 3242 reip.
934 3153 1141 3242 imputantur,
1158 3165 1196 3216 ut
1209 3155 1250 3220 ab
1263 3175 1302 3216 eo
1316 3175 1388 3218 cou-

286 3249 395 3302 tractae
444 3259 521 3326 .94,
540 3259 569 3304 1.
945 3271 948 3278 ,

330 3327 469 3411 ἐπιγραφὴ
482 3331 537 3390 τῶν
552 3327 692 3409 δνομίιτοον
707 3329 737 3393 Ι.
750 3330 805 3410 46,
821 3348 875 3415 31.

328 3409 453 3496 ἐπέγυον,
467 3411 585 3478 rudens
599 3436 621 3478 a
633 3414 731 3502 οΙιέρό
744 3416 829 3480 ccblc
844 3414 883 3479 L.
899 3437 952 3502 ap.
967 3416 1122 3504 Harpocr.

327 3499 497 3586 ἐπιδακρύειν
511 3499 567 3564 AE.
582 3520 637 3587 39,
653 3520 706 3568 22.

326 3585 511 3672 ἐπιδανείζειν]
536 3583 731 3669 ἐπιδανείζεται
746 3587 837 3670 λάθρα
851 3594 938 3669 ἡμῶν.
961 3587 1050 3654 nobis
1070 3586 1186 3666 insciis,
1205 3609 1300 3674 super
1319 3609 1388 3652 mu-

285 3684 376 3734 tuum
391 3695 434 3736 oea
448 3695 469 3736 a
482 3671 572 3738 nobis
584 3673 751 3752 creditum,
767 3673 872 3739 adbuc
893 3673 980 3741 aliud
1002 3674 1044 3739 ab
1060 3673 1127 3740 aliis
1141 3695 1270 3760 quoque
1291 3673 1388 3739 sumit

285 3756 363 3840 908,
378 3760 431 3823 26.
474 3761 711 3843 ἐπιδανεισάμενος
734 3761 778 3825 ἐπὶ
797 3766 853 3837 τοῖς
876 3764 951 3841 ἐμοῖς
974 3762 1107 3848 χρήμασι
1131 3779 1206 3846 914,
1223 3777 1252 3825 2.
1299 3763 1386 3824 ἐπιδε·

279 3842 456 3922 ,δανεισμένον
470 3847 501 3906 ἐκ
514 3851 565 3906 τοῦ
579 3845 709 3933 ἐμπορίου
721 3852 819 3910 πολλοὶ
836 3848 987 3932 χρήματα.
1010 3847 1066 3934 qui
1086 3847 1230 3934 ingentes
1244 3845 1315 3910 oeris
1329 3869 1387 3911 nu-

283 3925 406 4023 merati,
421 3944 478 3992 aut
491 3929 641 4011 mercium
656 3932 712 3996 aeri
726 3932 996 4020 equiparsbilium
1013 3955 1150 4000 summas
1166 3931 1286 3997 credito
1303 3955 1386 3997 sum-

284 4026 383 4093 sisset,
401 4029 594 4103 corrogasset
615 4040 636 4081 a
658 4017 767 4082 vestris
790 4019 1037 4108 negotiatoribus
1057 4038 1134 4107 922,
1148 4039 1180 4105 3.
1226 4022 1312 4084 αὐτοῦ
1338 4025 1386 4083 τοῦ

281 4100 501 4178 ἐπιδανείσαντος
516 4123 591 4189 930,
609 4106 657 4169 18.

327 4187 508 4274 ἐπιδεικνύειν]
534 4188 657 4270 ἐπέδειξα
671 4193 719 4268 τὴν
733 4189 871 4276 ἄνθρωπον
885 4192 1045 4256 foeminam
1067 4191 1110 4257 sio
1129 4192 1298 4258 cubantem
1321 4214 1386 4256 me·

282 4271 355 4336 dico
378 4286 410 4337 et
432 4276 563 4340 testibus
587 4276 799 4342 demonstravi
828 4293 922 4364 1159,
951 4293 1003 4362 27.
1048 4279 1212 4344 ἐπιδείκνυτε
1238 4277 1384 4367 exemplo

282 4374 387 4423 vestro
430 4364 569 4448 roposito
585 4362 703 4429 docetis
716 4363 833 4440 ταύταις
854 4369 937 4428 ποιεῖν
959 4363 1022 4428 ὅτι
1043 4364 1194 4444 βούλονται
1218 4367 1347 4452 1383,1
1376 4411 1384 4430 .

287 4447 398 4508 :istis
409 4449 524 4512 ανυσδαι
544 4459 663 4536 φανεροῖς
683 4452 732 4527 τὴν
750 4455 806 4513 τῶν
827 4450 1003 4537 πραγμάτων
1026 4450 1170 4537 θιραπεέαν
1187 4385 1385 4537 1834338.

282 4532 423 4623 ἐπαινέτην
442 4533 618 4600 ἐπιδεικνύναι
636 4535 786 4618 52,11.*
806 4541 918 4618 σημεῖον
943 4541 1005 4620 ὑμῖν
1030 4536 1111 4625 με’γα
1134 4537 1258 4619 ἐπιδεέξοο
1278 4539 1334 4622 60,
1351 4537 1380 4601 8.
