3009 4992
518 272 841 339 GRAEc1TAT1s.
1165 287 1225 357 277

126 445 205 521 ούτος
220 445 269 510 καί
283 443 447 519 ἀπαίδευτος
465 442 601 529 ἀνθρωτύς
616 448 677 508 ἐστι
694 462 746 526 24,
764 462 794 511 2.
839 438 966 527 ύμέτερδν
980 444 1055 507 ἐστιν
1070 444 1149 531 ἔργον
1163 445 1228 529 πρδς

124 539 221 598 ταῦτα
235 531 437 617 ἀντιτετάχθαι
453 545 505 615 25,
521 529 551 594 8.
597 530 677 595 έσται
693 532 721 593 δῖ
741 536 755 595 δ
774 529 858 615 λύγος
872 530 916 592 έπί
929 530 1157 615 παραδείγματος
1172 546 1225 615 25,

128 620 180 683 16.
218 616 303 693 ούτοος
317 615 388 696 ἦσαν
401 617 467 702 πρδς
481 620 533 691 τάς
546 616 686 703 αίσχύνας
699 618 824 706 χαλεποί
840 616 895 695 26,
906 630 937 699 5.
971 616 1110 702 ἱερωσύνην
1124 620 1225 692 ούδενδς

124 708 190 769 θεῶν
207 704 395 789 κληρώσεται,
410 705 446 777 οθς
465 706 515 766 οὐκ
535 700 571 766 ιθν
593 706 625 767 έκ
645 710 700 767 τῶν
719 702 808 785 νύμονν
826 698 943 785 καθαράς
958 702 989 764 τδ
1004 710 1088 785 σῶμα
1105 704 1157 781 26,
1172 705 1225 789 36.

124 790 220 855 ταῦτά
236 793 311 853 ἔστιν
323 790 436 875 έκάσπνρ
450 792 526 867 ποινὴ
542 802 595 871 27,
611 808 644 873 9.
688 790 782 866 θεατὴς
797 786 900 853 αὐτίκα
916 785 974 871 έγοθ
988 787 1086 870 ἔσομαι
1100 788 1226 875 ύμέτιρος

125 892 182 958 27,
197 876 252 961 38.
280 874 407 950 ἀπίθανος
422 871 458 939 οδν
472 873 538 962 πρδς
551 878 600 953 τὴν
614 873 736 951 ὑποψίαν
749 874 851 951 ταύτην
866 873 919 951 28,
938 891 989 939 12.
1015 875 1058 937 έπί
1071 878 1119 951 τῆς
1134 876 1226 950 αίτίας

123 962 228 1038 ταύτης
244 960 311 1024 ὄντα
326 962 378 1039 28,
395 980 449 1027 2ο.
493 958 615 1039 ἀβίωτον
637 958 707 1025 νίναί
726 984 774 1041 μοι
795 962 842 1024 πδν
859 958 954 1025 λοιπδν
975 957 1036 1040 βίον
1058 958 1158 1042 νομίζω
1174 961 1226 1041 28,

123 1070 230 1197 ἔιίὔδ.
245 1047 385 1161 ύπομέηοιη
406 1044 579 1195 ᾼημοσθεὲνην
600 1046 741 1194 ἀφύρφῖον,
755 1045 897 1193 ύνταρβφ,
911 1043 980 1194 11114
1014 1045 1161 1194 έπιχάριος
1176 1050 1225 1111 ούκ

124 1216 181 1282 ιι..
196 1152 506 1304 ιπζγῖἑῖίίίμάἶίί
519 1146 754 1303 .δ.ηξ’,,’3.’”
768 1156 968 1303 Σηξίδνίίοί·
979 1158 1226 1301 ἀῖἒάἷίῖίί,

123 1304 216 1391 τούτῳ
228 1324 283 1391 33,
300 1305 350 1368 18.
395 1304 573 1383 ἐξιστάμενος
594 1309 678 1368 αὑτοῦ
700 1306 861 1385 καταφανὴς
879 1300 909 1380 ἦν
928 1322 983 1389 33,
999 1320 1052 1368 21.
1096 1305 1181 1379 πολὺς
1196 1302 1226 1383 ἦν

124 1394 184 1465 τοῖς
200 1390 318 1464 ἐπαίνοις
331 1390 379 1454 καί
394 1393 517 1476 ἐπαχθὴς
530 1409 586 1476 33,
604 1408 656 1475 29.
700 1389 840 1467 έπαινέτης
858 1386 888 1467 ἦν
907 1396 982 1473 ἡμῶν
1001 1408 1055 1474 34,
1072 1387 1100 1452 8.
1146 1392 1226 1477 λῆρύς

125 1481 189 1541 ἔστι
202 1482 296 1540 ταῦτα
308 1496 363 1561 34,
378 1475 436 1540 ult.
479 1482 527 1553 τῆς
548 1482 646 1539 ἑαυτοῦ
665 1475 775 1553 ἡλικίας
790 1473 865 1550 ὅστις
879 1472 978 1561 ἦν38,
997 1495 1047 1560 19.
1092 1475 1180 1554 ἐξώλη
1194 1502 1226 1541 τι

125 1563 212 1624 αύτδν
225 1561 292 1626 νίνοιι
306 1565 459 1647 έταρῖισθαι
475 1563 585 1639 κιοίτην
600 1562 688 1625 οίκίαν
701 1581 757 1647 39,
772 1580 824 1647 39.
868 1562 981 1642 βλέπειν
995 1562 1059 1646 πρδς
1073 1561 1106 1624 πθ
1121 1561 1227 1642 μέλλον

126 1647 240 1711 ἔσεσθαι
253 1668 308 1729 41,
322 1668 374 1734 39.
420 1647 519 1712 οίκοθνν
534 1650 566 1712 έκ
580 1654 629 1711 τοῦ
650 1647 713 1726 βίου
735 1646 979 1731 δεδοκιμασμένους
1000 1646 1092 1724 ἀξίους
1110 1651 1158 1724 τῆς
1177 1647 1227 1711 πύ·

46 1807 50 1813 ·
126 1746 199 1807 λεους
213 1732 279 1797 νίναι
294 1752 349 1818 43,
362 1753 394 1816 4.
440 1733 545 1819 ’ν’νορκον
558 1731 589 1811 ἦν
603 1737 700 1809 ἐντοῖς
716 1732 803 1820 ὅρκοις
817 1752 871 1819 43,
891 1730 942 1814 14.
979 1736 1095 1813 διαβολὴ
1110 1733 1227 1818 ἀδελφάν

126 1822 190 1882 ἐστι
204 1820 254 1882 καί
268 1818 441 1902 συκοφαντία
456 1836 510 1902 47,
527 1836 579 1886 2ο.
609 1822 797 1902 ἀμφισβητεῖν
811 1823 878 1907 ἀνίης
894 1820 960 1883 είναι
973 1836 1031 1902 47,
1045 1818 1104 1883 ult.
1126 1818 1181 1899 48,
1196 1839 1225 1883 1.

128 1908 158 1967 ού
174 1905 292 1987 καθαρὸς
306 1903 342 1991 ἀν
355 1909 407 1980 τὰς
419 1910 520 1991 χεῖρας
535 1908 572 1979 είς
590 1908 638 1982 τὴν
652 1908 760 1992 ἀγοροὶν
782 1905 935 1986 ἐμβάλλεις
948 1906 1004 1986 48,
1019 1924 1051 1990 3.
1097 1906 1226 1987 διαφανὴς

127 1994 155 2052 έν
169 1991 275 2065 τούτοις
289 1988 320 2067 ἦν
332 2004 388 2076 5ο,
406 2010 437 2057 2.
474 1990 549 2075 ὀρθῆς
565 1994 628 2073 ἡμῖν
642 1996 689 2068 τῆς
703 1990 833 2075 πατρίδος
848 1990 928 2068 ούσης
941 2006 997 2075 5ο,
1012 2008 1046 2076 5.
1082 1988 1226 2069 ἀννλέητύς

126 2074 171 2151 τίς
184 2080 240 2158 είμι
253 2096 308 2160 5ο,
325 2076 354 2139 8.
399 2074 569 2157 ἀνεπίφθονον
587 2074 657 2140 είναί
677 2102 725 2160 μοι
747 2077 847 2157 νομίζω
864 2080 924 2160 περί
944 2076 1048 2139 τούτων
1062 2074 1156 2161 λέγειν
1169 2093 1224 2161 5ο,
1336 2112 1341 2121 ·

150 2182 181 2225 0.
227 2165 256 2225 ού
278 2160 428 2247 μισόδημος
445 2160 606 2227 νύν-ἀλλά
627 2162 806 2246 μισοπόνηρος
827 2176 883 2246 51,
899 2164 928 2227 6.
973 2162 1040 2225 νίναι
1059 2183 1119 2248 pro
1139 2164 1224 2225 έστίν.

163 2274 193 2311 ον
207 2253 244 2323 εἰς
257 2252 305 2326 τὴν
320 2253 385 2331 ἐμὴν
399 2248 467 2313 εἶναι
480 2250 598 2333 μνήμην,
637 2260 769 2313 uantum
782 2260 922 2334 repetere
937 2247 1084 2311 memoria
1097 2269 1226 2333 possum

126 2352 184 2419 52,
202 2353 251 2431 119.
295 2335 468 2418 διαψηφίσεις
482 2340 509 2398 έν
522 2339 579 2410 τοῖς
597 2336 689 2413 δημοις
708 2333 775 2399 ύταν
794 2332 876 2413 ἦσαν,
893 2346 929 2398 ut
950 2332 995 2397 rei
1017 2334 1225 2413 memorabilis

127 2420 271 2485 memlnit
288 2435 343 2505 52,
357 2440 410 2508 32.
454 2429 503 2485 τοῦ
524 2422 576 2504 μὲν
597 2426 669 2503 ὑμᾶς
690 2422 772 2502 μηδὲν
794 2422 895 2484 ἀδικεῖν
917 2421 1006 2531 κύριος
1025 2417 1066 2500 ἦν,
1080 2426 1128 2482 τοῦ
1143 2420 1170 2482 δὲ
1185 2424 1224 2503 μη
1351 2448 1355 2455 ’

129 2507 205 2592 ἔχειν
227 2507 319 2571 αἰτίαν
344 2514 360 2586 ἡ
381 2507 457 2593 τύχη
478 2522 533 2592 52,
548 2527 602 2593 34.
646 2505 768 2571 κλέπται
792 2508 832 2571 ἀπ’
846 2510 995 2592 αύτοφωραρ
1013 2513 1068 2569 τῶν
1090 2508 1226 2587 δημοσίων

125 2592 285 2678 χρημάτων
300 2591 372 2668 ὄντες
386 2607 441 2678 55,
460 2612 511 2658 12.
554 2593 687 2671 στέφανον
700 2598 838 2679 χρυσοῦν,
853 2590 880 2666 δς
895 2590 929 2656 ἀν
944 2596 969 2655 έν
984 2591 1088 2678 θεάτρῳ
1103 2594 1129 2654 έν
1144 2589 1225 2656 ἀστει

127 2679 274 2764 ἀναρρηθῇ,
289 2682 356 2766 ίνρδν
369 2679 484 2756 Ἀθηνᾶς
498 2679 565 2743 νίναι
581 2679 685 2743 κελεύει
700 2685 713 2743 ὁ
728 2678 807 2761 νύμος
822 2681 876 2753 60,
891 2700 923 2763 9.
967 2676 1020 2763 ύτιρ
1042 2681 1080 2741 τά
1098 2676 1228 2760 μέγιστα

127 2772 184 2828 πῖον
197 2769 326 2850 αίσχροδν
340 2762 424 2840 οὕτως
438 2766 500 2829 ἐστὶ
513 2769 603 2829 πιστοί
618 2767 672 2843 61,
691 2784 739 2829 11.
766 2765 849 2837 ούδείς
864 2768 938 2846 ὑμῶν
954 2762 1036 2837 οὕτως
1051 2762 1111 2825 έστί
1127 2763 1225 2827 δύσκο-

128 2864 178 2925 λος
192 2851 334 2933 τὴνφύσιν
348 2852 403 2930 62,
420 2870 470 2915 Ιο.
515 2850 640 2914 έπινεύειν
662 2851 760 2928 ἀληθὲς
780 2850 847 2913 είναι
868 2852 923 2929 62,
942 2868 992 2915 11.
1036 2846 1176 2924 ἐπαινέτης
1194 2846 1225 2923 ἦν

127 2937 292 3020 τῆςείρήνης
307 2938 362 3017 62,
373 2938 428 3024 36.
465 2936 632 3018 ἀνεμέσητον
645 2935 677 3015 ἦν
691 2940 767 3021 αύτῷ
781 2938 835 3021 63,
852 2934 883 2999 8.
917 2938 999 3020 ἀργῆς
1013 2932 1141 3017 μεγάλης
1156 2931 1227 3011 ἦσαν

127 3021 202 3101 ἀξιον
217 3024 271 3107 63,
290 3042 342 3087 10.
386 3022 425 3085 ὅτ’
440 3019 653 3110 ἦν”Ασκληπίυρ
673 3029 689 3099 ἦ
712 3020 794 3088 θυσία
817 3024 871 3107 63,
889 3040 940 3107 13.
985 3024 1034 3084 οιίκ
1056 3017 1164 3101 ἀμεινον
1187 3016 1225 3095 είη

128 3111 184 3193 63,
199 3128 252 3189 41.
295 3112 446 3188 βουλευτὴς
471 3106 507 3171 ἀν
532 3112 563 3172 έκ
584 3113 761 3194 παρασκευῆς
783 3109 838 3189 64,
866 3127 917 3193 13.
962 3105 1016 3169 δθεν
1037 3109 1075 3187 μὴ
1098 3105 1227 3183 νικῆσασι

127 3195 230 3280 μάχην
250 3198 300 3259 οὐκ
318 3194 348 3272 ἦν
368 3194 547 3281 ἀναχώρησις
562 3196 615 3273 66,
632 3194 664 3258 8.
707 3195 793 3277 μέσον
808 3194 880 3257 οὐδὲν
896 3191 926 3271 ἦν
941 3194 994 3271 66,
1008 3208 1063 3279 35.
1107 3192 1228 3277 ἀριθμῶν

129 3284 168 3355 εἰς
180 3278 260 3344 θπύτε
276 3281 356 3345 ἔσται
371 3282 425 3361 67,
440 3300 494 3367 39.
521 3282 624 3361 μεστδς
638 3279 754 3343 ἐλπίδων
769 3284 817 3343 οὐκ
833 3277 967 3361 ἐσομένων
982 3281 1035 3361 67,
1051 3277 1108 3341 ult.
1141 3276 1229 3353 ἧτταν

128 3369 223 3442 αὐτοῖς
237 3365 305 3431 νίναι
319 3366 442 3449 ’πολέμου
457 3366 505 3431 καί
520 3368 601 3430 δικῶν
615 3367 664 3429 καί
681 3371 792 3448 ἀγορῶν
806 3366 859 3449 69,
878 3367 926 3428 16.
972 3364 1082 3442 έξιύλεις
1097 3361 1163 3425 οίναι
1179 3363 1228 3426 καί

128 3453 230 3527 αύτοδς
250 3456 300 3517 καί
323 3452 411 3529 οίκίας
432 3453 481 3517 καί
502 3453 535 3515 τδ
555 3452 635 3537 γένος
655 3455 746 3514 αὐτῶν
768 3452 822 3535 69,
841 3470 891 3535 17.
937 3454 1045 3535 κραυγὴ
1067 3450 1157 3524 πολλὴ
1178 3448 1227 3510 καί

129 3538 239 3624 θέρυβος
255 3536 285 3617 ἦν
299 3548 353 3604 τῶν
366 3537 578 3621 Ἀμφικτυόνων
596 3551 649 3619 70,
663 3558 719 3623 39.
775 3535 821 3613 ἤδη
844 3534 933 3622 πίρροι
954 3540 1001 3611 τῆς
1023 3532 1125 3617 ἡμέρας
1148 3530 1229 3608 ούσης

130 3636 185 3706 70,
199 3643 252 3705 40.
296 3626 382 3699 πολδς
404 3626 509 3699 ἔπαινος
530 3621 560 3702 ἦν
583 3626 659 3687 κατά
680 3628 727 3699 τῆς
749 3618 882 3707 ἡμετέρας
905 3620 1009 3693 τύλους
1024 3634 1076 3702 71,
1096 3638 1146 3682 11.
1191 3622 1227 3692 είς

128 3708 372 3797 παραδοξολογίαν
386 3714 441 3785 τοῖς
456 3709 592 3793 έσομένοις
606 3709 664 3790 μεθ’
678 3713 752 3791 ἡμᾶς
768 3707 866 3790 έφυμεν
881 3721 934 3790 72,
951 3724 1003 3786 24.
1037 3702 1229 3789 διαγωνίζεται

130 3800 162 3858 ού
183 3798 244 3883 περί
265 3804 314 3860 τοῦ
334 3796 424 3881 κύριος
443 3795 539 3880 ἑτέρων
554 3794 633 3873 ιίναι,
648 3798 729 3858 ἀλλά
742 3798 803 3879 περί
818 3798 866 3870 τῆς
879 3800 927 3856 τοῦ
942 3793 1073 3874 σώματος
1091 3788 1229 3874 σωτηρίας

131 3895 186 3964 72,
203 3884 257 3947 28.
301 3885 346 3944 διὰ
366 3887 446 3945 τοῦτο
468 3886 526 3964 γάρ
546 3881 635 3964 οίμαι,
651 3887 735 3964 ἡμᾶς,
749 3882 849 3955 παῖδας
864 3878 954 3957 ὄντας,
969 3881 1021 3953 τάς
1041 3885 1095 3942 τῶν
1113 3884 1230 3954 ποιητῶν

129 3966 247 4051 γνώμας
261 3966 448 4049 ἐκμανθάνειν,
457 3966 489 4029 δι’
501 3965 592 4052 ἀνδρες
605 3966 678 4041 ὄντες
688 3970 786 4039 αύταῖς
799 3966 972 4051 χρησώμεθα
987 3981 1039 4050 73,
1056 3983 1082 4026 1.
1113 3964 1227 4039 ναυτικὴ

131 4053 182 4117 καί
197 4056 264 4135 πεζὴ
279 4057 401 4140 στρατιά
416 4054 464 4116 καί
479 4053 572 4127 πόλεις
583 4051 665 4138 ἀρδην
679 4054 747 4116 εἰσίν
761 4053 967 4137 ἀνηρπασμέναι
984 4064 1001 4135 7
1005 4070 1037 4137 3,
1056 4068 1104 4112 11.
1138 4046 1230 4128 ἀβίω-

130 4162 179 4201 τον
197 4139 374 4223 ἡγησάμενος
392 4139 459 4203 ιίναι
475 4152 528 4221 74,
543 4158 598 4219 40.
643 4138 747 4201 ἀθύτων
770 4138 818 4200 καί
841 4139 1050 4222 ἀκαλλιερήτων
1072 4133 1154 4198 ὄντων
1174 4141 1229 4196 τῶν

132 4230 207 4309 ίερούν
222 4240 275 4310 75,
294 4244 345 4289 12.
382 4224 584 4311 ἀπαρασκεύων
598 4223 824 4309 αύτῷτῶνίδίων
839 4220 921 4285 ὄντων
936 4238 990 4305 77,
1008 4239 1038 4288 2.
1084 4220 1231 4283 ὁδ’Ἀλέ-

131 4313 243 4395 ξανδρος
257 4310 461 4394 ἀπειλημμένος
474 4308 505 4388 ἦν
524 4315 551 4373 έν
572 4309 692 4395 Κιλικίᾳ
713 4324 766 4392 77,
780 4326 811 4392 9.
845 4306 964 4386 ἐπίδοξος
978 4306 1007 4384 ἦν
1024 4305 1230 4393 (Megalopo-

131 4395 185 4480 lis)
197 4398 258 4461 καθ’
272 4397 393 4476 ἑκάστην
406 4394 509 4483 ἡμέραν
522 4398 629 4460 ἀλῶναι
645 4408 700 4476 77,
718 4415 768 4478 19.
804 4394 956 4478 θεωρήσατε
971 4395 1065 4469 αὐτὸν,
1080 4398 1118 4474 μὴ
1134 4391 1231 4454 ὁποτέ-

133 4507 181 4569 ρου
205 4490 253 4548 τοῦ
274 4481 375 4569 λύγου,
388 4483 457 4547 ἀλλ’
478 4481 605 4568 ὁποτέρου
627 4487 675 4545 τοῦ
698 4480 761 4560 βίου
783 4480 858 4543 ἐστίν
880 4495 933 4564 77,
951 4500 1005 4561 40.
1049 4478 1106 4544 ὅθεν
1122 4478 1169 4541 καὶ
1185 4480 1233 4553 τὴν

652 4585 707 4651 Τά
