3009 4992
528 204 854 274 GRAEOITATIS.
1175 222 1239 291 ,ιη

136 388 244 443 vestro
259 376 334 460 764,
351 390 403 463 15.
418 376 494 464 813,
512 396 564 444 1ο.
599 379 710 462 ίμοδίν
758 376 843 453 ιλίαις
859 375 969 463 [seim
1071 378 1110 464 ῖς]
1127 378 1240 443 δστίνδ

137 463 256 538 είοδοοος
269 478 347 547 701,
365 483 395 529 1.
488 463 600 544 ὀὶίιοι,
614 486 655 529 ne
675 464 716 528 ιιι·
743 487 761 529 e
781 462 938 529 drachmis
958 468 1241 531 ιιιοοιει.;νιοεεῑο

137 553 201 615 τινὰ
218 550 375 633 (molestia
392 486 572 635 affifoznreflv
593 550 710 625 εὐθύναις
724 551 780 614 AE.
800 571 829 629 1,
846 570 877 617 2.
915 551 976 626 τοὺς
997 554 1025 615 δν
1042 560 1146 638 χειροῖν
1167 551 1240 641 νύμιρ

136 640 191 711 τοὶς
204 638 346 712 πολιτείας
361 636 555 712 καταλύοντας
572 656 603 718 1,
619 655 670 719 14.
700 639 727 700 ίν
739 636 859 735 πλείστη
874 639 1006 703 ιιοινῖσίαι
1022 636 1130 723 ιἰτοψίφι
1144 659 1174 716 1,
1189 658 1238 723 19.

126 721 243 805 ,μηδένα
257 729 312 787 τοῖν
326 726 353 787 δν
366 722 464 809 ίςλικίφι
484 743 514 803 1,
530 742 584 810 35.
618 724 784 787 ἀτοτισάτα
800 721 880 805 (sc1l.
895 724 945 801 τὴν
967 723 1082 809 ζημίαν)
1095 726 1124 789 ίν
1146 724 1240 789 ἕνδεκα

138 813 254 896 ἡμίραις
267 813 342 891 μετὰ
355 812 405 888 τὴν
419 808 495 886 δίκην
513 830 547 895 3,
565 825 616 894 17.
652 809 721 885 ίλινς
744 811 767 873 δ’
783 811 809 871 ἐν
833 808 1006 897 δημοκρατία
1028 811 1074 875 τδν
1095 814 1132 885 είς
1153 815 1241 875 δτιούν

139 898 273 977 ύβριστῆν
288 899 337 959 οιίκ
352 895 496 974 δτιτιίδειον
509 896 637 980 ίςγῆσατσ
651 895 718 960 εῖναι
733 895 983 978 συμπολιτεύεσθαι
998 915 1031 983 3,
1048 916 1100 978 14.
1136 898 1198 979 μηδ’
1213 900 1241 961 ἓν

138 983 204 1055 ταῖς
218 985 321 1056 κοιναῖς
334 981 564 1066 στεφανηφορίαις
577 981 770 1065 στεφανούσθω
783 1000 817 1061 4,
836 1001 866 1045 1.
903 986 998 1064 τομτη
1014 984 1166 1048 Διονυσίων
1186 993 1241 1049 τῶν

139 1071 169 1131 ἐν
182 1064 264 1131 ἄστει
280 1070 313 1145 6,
326 1086 380 1149 40.
416 1068 566 1146 ἀφελίσίαι
580 1065 642 1131 ούτε
655 1071 705 1145 την
718 1068 858 1146 ἀλῆίειαν,
875 1066 936 1132 ούτι
950 1070 998 1145 τὴν
1012 1072 1040 1133 ἓν
1053 1075 1087 1157 τῇ
1100 1069 1179 1135 τύλιι
1193 1071 1243 1154 φῆ·

139 1179 196 1234 μην
211 1168 243 1235 7,
257 1172 309 1238 30.
353 1150 390 1216 ύι
404 1156 432 1217 ίν
445 1157 508 1227 ταῖς
522 1152 621 1228 οίκίαις
635 1151 831 1236 ἀνειλημμένος
845 1152 946 1240 γίγονε
962 1154 995 1233 8,
1013 1174 1063 1223 11.
1100 1156 1176 1232 οὗτος
1190 1158 1242 1240 μδν

141 1237 188 1302 σύν
201 1238 304 1302 άτεστι
317 1242 392 1321 μετὰ
405 1247 460 1303 τοῖν
474 1240 638 1327 κληροίημον
651 1242 678 1303 δν
691 1238 786 1327 Σάμορ
801 1240 833 1317 8,
851 1259 902 1324 19.
932 1243 1012 1305 ταῦτ’
1026 1239 1085 1325 ἐγῶ
1098 1242 1178 1329 λύγορ
1191 1242 1243 1325 μύ-

141 1349 187 1388 νοε
200 1334 297 1407 σαφῶς
311 1330 339 1389 ίν
352 1328 416 1408 ύμῖν
430 1324 511 1389 είτοδν
524 1330 575 1391 ούκ
587 1324 622 1389 ἀν
639 1324 773 1409 δδεξάμην
792 1327 838 1408 ζῆν
853 1326 885 1405 8,
899 1344 954 1411 31.
1001 1326 1115 1414 ἀφίονίμ
1138 1331 1165 1392 ίν
1185 1354 1242 1393 τοι-

141 1409 213 1509 αύτη
224 1410 260 1475 σίν
270 1412 304 1492 8,
312 1430 368 1492 40.
389 1413 508 1476 ίνταντί
520 1418 601 1499 κακῷ
610 1412 764 1497 γενύμενος,
773 1390 816 1479 cus
825 1425 998 1477 extremam
1013 1412 1170 1479 adductus
1184 1414 1242 1479 mi-

142 1518 302 1583 1911111119,
318 1514 372 1582 27.
409 1497 588 1583 ίταγγελίαν
601 1498 654 1562 τινί
671 1500 699 1562 ἔν
718 1501 760 1584 τηῖ
781 1497 856 1583 δήμῳ
878 1501 1011 1577 ἀπειλεῖν,
1026 1497 1242 1565 denunciatio-

141 1604 216 1647 nem
230 1582 294 1648 diei
306 1583 349 1649 nd
364 1605 491 1649 causam
508 1583 673 1649 dicendam
693 1582 727 1647 in
748 1583 896 1649 concione
917 1583 1028 1735 ροριιίί
1049 1584 1242 1653 interminari

143 1688 177 1752 9,
192 1687 245 1755 35.
282 1671 446 1757 νυκτερεύειν
459 1674 486 1735 ίν
500 1671 664 1757 ἀλλοτρίαις
678 1668 778 1745 οίκίαις
796 1691 848 1750 11,
867 1689 918 1737 11.
972 1671 1132 1755 ναίιηφίσιις
1144 1677 1173 1738 ἑν
1185 1676 1243 1747 τοῖς

143 1755 237 1837 δήμοις
248 1775 299 1834 11,
311 1775 362 1823 11.
384 1755 590 1842 ἀιιριβίστατον
600 1754 735 1841 συνίδριον
746 1765 800 1821 τῶν
814 1760 841 1820 ίν
854 1760 888 1843 τῇ
903 1756 992 1835 τύλει,
1002 1771 1128 1825 senatus
1141 1760 1244 1827 Aret»

143 1840 436 1928 pagit100513,11.
482 1842 656 1930 ἐργαστήρια
677 1842 722 1906 δύο
743 1845 771 1907 δν
791 1848 849 1918 τοῖς
870 1843 1024 1929 ἀργυρείοις
1050 1864 1100 1927 14,
1121 1862 1171 1928 27.
1217 1849 1243 1908 ίν

144 1931 202 2003 τοῖς
211 1928 354 2003 ἀδυνάτοις
364 1930 535 2016 μισίοφορεῖν
547 1948 598 2009 14,
605 1947 658 2010 40.
681 1933 751 2014 ἀνιῇ
767 1929 861 2015 ίιῆφιρ,
874 1929 907 1993 in
923 1929 1144 2018 suffragatione
1162 1931 1242 2019 ipsa,

144 2034 219 2077 cum
232 2012 470 2079 resdeveniaset
487 2013 529 2079 ad
554 2013 808 2102 suffragationem
827 2031 879 2101 15,
896 2014 955 2080 ult.
991 2020 1117 2104 τεριττὸς
1138 2020 1166 2080 ἄν
1189 2021 1244 2091 τοῖς
1325 2053 1327 2059 ν

144 2099 240 2184 λύγοις
251 2100 427 2181 Δημοσίίνης
444 2101 496 2183 16,
511 2121 567 2182 41.
606 2100 757 2186 παραφέρει
773 2102 793 2163 δ’
810 2100 894 2165 αὑτὸν
912 2104 939 2165 δν
958 2102 1133 2187 σκώμματος
1154 2102 1242 2189 με’ριι,

144 2184 289 2272 projooo
304 2202 355 2271 17,
367 2206 422 2269 40.
451 2188 488 2263 οὖς
502 2192 529 2252 ίν
542 2190 697 2272 διατριβαῖς
711 2184 834 2272 γεγοιοδς
851 2186 901 2265 18,
916 2202 968 2273 35.
1013 2186 1133 2275 ίχληρίς
1147 2191 1174 2251 ίν
1187 2192 1244 2263 τοῖς

145 2272 312 2355 γυμνασίοις
328 2293 380 2360 19,
396 2289 427 2356 7.
470 2274 609 2355 τάττομεν
621 2273 688 2337 εῖναι
695 2270 824 2359 Ὅμηρον
845 2278 872 2337 ίν
892 2276 949 2349 τοῖς
970 2273 1173 2356 τρεσβοτάτοις
1195 2274 1244 2338 καί

146 2359 318 2439 σοφατάτοις
331 2368 387 2423 τῶν
400 2368 517 2437 τοιητάν
532 2378 585 2437 20,
599 2380 633 2441 4.
677 2362 716 2422 τά
730 2362 805 2423 ίστοῖ
817 2362 908 2423 αὐτῶν
923 2364 950 2424 ίν
963 2363 997 2446 τῇ
1011 2364 1081 2445 αὐτῇ
1096 2364 1169 2446 σορῷ
1189 2359 1245 2423 κεί-

146 2468 229 2507 σεται
245 2463 298 2525 20,
310 2464 367 2531 34.
401 2451 505 2552 χρυσῷ
518 2450 544 2509 ίο
558 2449 717 2530 ἀμφιφορεῖ,
731 2444 766 2508 in
780 2466 861 2511 urna
875 2463 928 2524 21,
947 2466 998 2511 11.
1032 2448 1068 2520 ἀς
1082 2451 1150 2529 ὁμοῦ
1164 2446 1246 2532 ίτρά.

146 2528 231 2611 φιμίν
244 2556 294 2614 τερ
309 2536 337 2593 ίν
350 2536 504 2617 ύμιτεριισι
518 2530 626 2613 δύμοισν
642 2550 695 2610 11,
715 2549 766 2597 11.
811 2534 948 2618 κυμορδῶν
962 2530 1044 2597 δτι-αν
1059 2535 1086 2594 ίν
1106 2536 1245 2617 Κολοττῷ

148 2619 269 2694 11,16.
314 2619 422 2704 ἀπορεῖν
436 2616 568 2700 εὐξαίμην
581 2616 710 2682 τοιούτοιν
723 2617 812 2705 ἔργον
825 2620 853 2680 ἐν
866 2622 907 2704 τῷ
921 2616 1001 2704 λύγῳ
1016 2636 1069 2697 11,
1082 2636 1137 2699 41.
1172 2619 1246 2705 γρύ-

148 2714 195 2778 φει
209 2702 231 2763 δ
241 2706 268 2765 ἐν
281 2707 338 2778 τοῖς
349 2701 529 2785 ψηφίσμασιν
543 2706 633 2788 σίχοδς
646 2704 712 2790 ύτῖρ
725 2708 775 2779 τῆς
788 2702 893 2778 τίλεισς
906 2708 969 2778 ταῖς
983 2708 1099 2787 σεμναῖς
1108 2703 1179 2778 ίεαῑς
1192 2705 1244 2782 16,

146 2802 202 2873 37.
247 2788 451 2853 καταλείπεται
466 2792 593 2877 ἡτροῖξις
611 2792 640 2853 ἐν
659 2794 722 2864 ταῖς
742 2789 887 2876 ύμετίραις
907 2788 1034 2875 γνύμαις
1056 2803 1109 2872 17,
1125 2789 1244 2875 penult.

146 2880 203 2937 τοῖν
217 2874 460 2962 σεσαφρονημίνιον
474 2879 501 2939 ἐν
514 2880 556 2961 τῷ
569 2874 623 2962 βίην
636 2898 684 2957 μοι
697 2874 786 2964 χάριν
803 2874 981 2955 ἀπειληφέναι
1001 2874 1102 2956 νομίζω
1121 2875 1174 2952 18,
1192 2893 1245 2941 11.

147 2963 176 3023 ἐν
195 2956 285 3025 ἀτασι
304 2960 410 3035 τούτοις
421 2960 566 3045 τίταγμαι
583 2980 636 3046 29,
655 2976 703 3047 15.
748 2959 845 3045 ίερείας
867 2959 984 3024 ίνύτνιον
1005 2966 1053 3039 τῆς
1075 2964 1102 3025 ίν
1123 2958 1246 3047 Σικελίᾳ

150 3063 204 3129 19,
220 3066 272 3132 13.
301 3047 378 3111 δοῖλοι
391 3045 443 3111 sm*
457 3056 567 3134 ληστῶν
580 3051 607 3112 δν
621 3050 749 3123 σπονδαῖς
762 3050 956 3129 Ὀλυμπικαῖς
971 3067 1023 3133 19,
1040 3064 1094 3132 35.
1125 3048 1246 3129 διαλαμ-

147 3130 241 3212 βάνοσν
254 3136 312 3220 γὰρ
327 3133 446 3198 ίκαστον
459 3139 535 3215 ἡμῶν
553 3137 581 3195 ἐν
599 3133 675 3218 μίρει
695 3135 822 3220 33,16.
858 3135 961 3221 ἀπορία
982 3136 1009 3196 ίν
1032 3138 1071 3219 τῷ
1095 3132 1175 3219 λίγιρ
1189 3152 1245 3218 33,

148 3235 204 3303 3ο.
248 3224 297 3297 τῆς
312 3222 409 3294 ἐντοῖς
423 3219 515 3294 σίτοις
530 3221 725 3298 ἀτιδεξιίτητος
737 3239 792 3307 34,
810 3238 861 3287 20.
906 3224 933 3284 δν
950 3224 991 3305 τῷ
1008 3223 1066 3305 ίμῷ
1088 3218 1167 3305 λίγομ
1190 3219 1246 3283 είτὶ

148 3319 204 3389 35,
217 3324 272 3391 31.
317 3305 451 3369 Διονύσια
470 3308 510 3369 τοὶ
528 3308 556 3368 ἒν
575 3304 657 3371 ἄστει
678 3308 733 3391 36,
748 3325 779 3389 3.
824 3304 966 3379 ίντίδανς
987 3304 1121 3388 δεδεμένον
1142 3303 1197 3392 38,
1214 3324 1245 3389 9.

149 3391 380 3475 σοινφαττίμενοι
394 3401 451 3456 τῶν
463 3391 628 3478 συμμάχων
641 3389 733 3476 ἀστερ
748 3396 776 3454 ίν
789 3396 846 3466 τοῖς
863 3389 1006 3475 σπένδουσι
1027 3399 1081 3456 τῶν
1103 3395 1177 3475 ίεριῖιν
1191 3408 1246 3475 39,

153 3479 203 3542 16.
248 3481 276 3541 ίν
298 3480 358 3552 ταῖς
380 3481 501 3560 φονικαῖς
523 3478 612 3550 δίκαις
631 3478 675 3541 ίτδ
701 3475 863 3564 Παλλαδίῳ
887 3496 943 3562 39,
965 3495 1016 3562 35.
1062 3476 1248 3540 ἀποκινδυνεύ-

150 3589 188 3627 ειν
213 3564 238 3627 ίν
262 3588 326 3643 τινι,
347 3564 382 3627 in
403 3564 511 3651 aliquo
534 3561 710 3651 periculum
730 3562 834 3627 facere
856 3581 912 3642 41,
935 3582 991 3644 42.
1036 3560 1141 3646 ἔνορκον
1166 3558 1196 3638 ἦν
1221 3564 1247 3625 ίν

149 3654 207 3725 τοῖς
226 3649 313 3737 ύρκοις
334 3669 457 3736 43,14.
494 3656 522 3716 ίν
545 3650 688 3735 μονοξύλῳ
705 3649 794 3736 τλοίορ
815 3674 852 3728 με
874 3650 995 3711 είστλεῖν
1016 3652 1064 3723 τῆς
1093 3648 1188 3721 νυκτδς
1212 3648 1247 3723 ὥς

150 3734 291 3801 Φίλιστον
304 3747 360 3819 44,
374 3756 425 3823 30.
462 3739 527 3824 τρδς
542 3737 636 3801 ἕνδεκα
650 3735 789 3823 ἀμφορέας
805 3738 832 3798 ir
852 3734 1085 3822 διαμεμετρημίνη
1105 3737 1138 3819 τῇ
1160 3733 1212 3816 ἠμί
1229 3760 1249 3821 φ

152 3822 278 3907 κρίνομαι
307 3838 363 3908 45,
392 3844 421 3887 1.
465 3826 518 3888 ούδ
544 3822 578 3888 ἀν
600 3842 681 3906 φησιν
705 3826 733 3885 ίν
762 3822 896 3904 βασάνοις
924 3819 1095 3908 ἀνδρατίδοιν
1124 3758 1249 3904 γίνεσύιιι

149 3924 205 3994 45,
219 3910 251 3973 8.
295 3910 432 3991 ἀκμάζειν
453 3914 480 3973 ἐν
501 3916 535 3996 τῇ
556 3909 644 3995 μανίᾳ
663 3911 789 3990 46,11.
826 3907 976 3994 ἀριστεύειν
999 3910 1025 3969 ίν
1043 3912 1100 3983 τοῖς
1124 3908 1249 3982 κινδύνοις

149 4010 205 4080 47,
215 3996 270 4081 38.
314 3996 537 4082 συμτίσλεγμαν
554 3996 772 4083 ίντητολιτείμ
785 3996 916 4105 ἀνδράσιν
931 3994 1012 4081 γίητι
1025 3996 1080 4076 48,
1091 4014 1146 4079 31.
1175 3994 1250 4057 σκά-

151 4108 228 4145 ιττειν
253 4087 281 4147 ἐν
305 4087 433 4163 ἀμσελοιι
450 4082 519 4168 γείιρ
543 4102 598 4167 49,
627 4102 678 4168 13.
720 4059 939 4167 ἀναστρεφισίαι
969 4085 997 4145 δν
1022 4086 1085 4161 ύμῖν
1111 4100 1168 4165 49,
1198 4099 1251 4165 13.

151 4172 242 4255 εὐχάς
255 4171 283 4233 ἓν
296 4172 353 4243 τοῖς
366 4109 531 4253 ψηφίσμασι
548 4169 681 4233 τοιιῖσίαι
696 4187 752 4253 49,
766 4186 816 4249 24.
847 4170 976 4249 διαφανὴς
987 4170 1014 4228 ἐν
1027 4165 1132 4241 τούτοις
1148 4162 1178 4245 ἦν
1192 4179 1250 4251 5ο,

153 4274 182 4321 1.
226 4256 352 4343 τροᾴδειν
365 4253 456 4340 οίστερ
471 4259 498 4319 ίν
510 4259 567 4330 τοῖς
578 4259 674 4341 χοροῖς
687 4270 742 4339 5ο,
757 4275 791 4336 4.
836 4260 852 4331 ἡ
867 4254 894 4315 ἓν
907 4256 964 4326 τοῖς
977 4252 1074 4339 μέρεσι
1094 4252 1249 4333 καλουμίνη

152 4342 289 4426 στρατεία
302 4359 357 4426 5ο,
372 4360 428 4427 34.
471 4353 502 4406 αί
517 4346 544 4406 ίν
556 4346 614 4415 τοῖς
628 4341 774 4423 ίτιονύμοις
789 4337 872 4417 ίξοδοι
886 4353 941 4424 50,
956 4340 1011 4425 38.
1056 4338 1139 4418 ἔξοδοι
1154 4340 1250 4411 ἐντοῖς

85 4450 89 4457 ·
152 4427 262 4514 με’ρεσιν
285 4427 361 4494 ibid.
397 4428 483 4515 μάχη
507 4432 534 4493 ῖν
557 4432 613 4502 τοῖς
639 4426 793 4502 ἐτιλίκτοις
818 4444 873 4513 5ο,
896 4444 950 4507 40.
995 4428 1022 4489 ἒν
1044 4430 1101 4501 τοῖς
1120 4422 1250 4505 τολίμοις
