3009 4992
533 279 857 347 ennarrans.
1183 300 1244 367 245

142 454 192 521 καί
207 451 354 535 νομοθέτας
367 458 416 517 τοῦ
430 457 475 516 νῦν
488 451 667 535 ιἰδικῆμιιτος.
687 472 743 517 vos
755 450 856 531 deeet,
867 471 932 515 non
942 446 1043 513 solum
1053 448 1114 515 hoc
1127 452 1244 518 cumen

140 539 267 627 punire,
282 538 338 605 sed
359 536 454 605 etiam
472 538 513 603 de
533 560 629 627 poena
649 538 748 627 ipsius
768 537 872 625 legem
891 534 1080 601 eonstituere
1099 537 1246 626 imposte-

139 648 213 691 rum
229 624 407 704 valituram,
422 638 460 689 ut
471 624 512 689 de
525 646 629 713 poeuae
648 647 763 711 genere
779 622 867 691 nulla
880 621 1083 711 postmodum
1098 626 1244 691 exsistere
1313 666 1321 675 ·

139 713 239 801 possit
253 711 410 779 dubitatio
424 712 489 799 Ly.
504 732 576 797 149,
592 732 621 775 1.
651 713 783 789 δικαστὴς
797 708 986 797 ἀπαραίτητος
1004 710 1077 791 148,
1088 732 1121 795 5.
1148 728 1243 797 χαλε-

138 798 268 875 πάτατος
287 798 365 881 167,
380 818 430 879 14.
474 802 555 885 τρεῖς,
575 800 607 875 ἐξ
625 793 660 861 ὧν
677 804 692 875 ἡ
710 795 840 861 πολιτεία
861 794 1075 875 οιννίσταται,ί
1097 795 1207 883 άρχαν,
1229 806 1243 862 δ

75 882 81 891 ’
140 888 285 964 δικαστὴς,
303 883 432 963 ὅίδιάτης
450 899 522 971 157,
538 898 592 969 35.
608 906 639 947 v.
656 883 786 964 δικάζειν.

183 972 314 1049 δίκελλα,
328 970 403 1059 ligo,
420 971 479 1049 Ε.
492 986 544 1054 70,
560 967 679 1057 penult.

122 1110 125 1119 r
184 1056 244 1134 δίκη
275 1059 415 1135 Numen,
440 1056 528 1145 quod
550 1080 643 1143 aequo
663 1054 730 1143 juri
751 1056 834 1119 inter
858 1054 941 1118 cives
969 1054 1089 1118 tuendo
1117 1072 1241 1142 praeest,

136 1142 315 1231 injuriaret
329 1143 444 1209 scelera
457 1142 616 1209 ulciscens.
638 1142 697 1206 οὐδὲ
710 1140 904 1221 φυλάσσονται
919 1146 1010 1223 σεμνοί
1021 1142 1095 1217 δίκης
1110 1141 1239 1224 θέμεθλα,

68 1254 75 1265 ’
136 1228 292 1314 ἢτνγῶσα
311 1230 413 1295 σύνοιδε
434 1232 471 1293 τά
489 1230 644 1315 γιγνόμενα
663 1242 812 1309 010422,
831 1246 881 1291 11.
926 1231 974 1305 τὴν
987 1228 1176 1313 ἀπαραίτητον
1191 1233 1240 1293 καί

136 1320 240 1399 σεμνὴν
254 1315 341 1395 δίκην,
355 1314 386 1393 δν
399 1316 515 1403 Ὀρφεὺς
530 1318 608 1414 παρὰ
621 1314 668 1377 τδν
681 1322 731 1378 τοῦ
746 1315 811 1388 aa,
827 1312 915 1399 θρόνον
924 1313 989 1395 φησί
1001 1312 1151 1393 καθημένην
1164 1330 1240 1397 772,

137 1418 191 1487 25.
244 1402 279 1485 b)
298 1402 366 1489 jus,
404 1401 470 1467 uod
483 1401 629 1489 injuriam
643 1422 755 1487 passus
768 1422 788 1463 a
801 1399 990 1487 reorepetit,
1001 1398 1103 1487 judex
1118 1398 1240 1481 tribuit,

137 1487 226 1575 quod
245 1488 279 1551 in
298 1488 368 1553 soro
381 1426 598 1577 (impensatur,
614 1484 794 1565 satisfactio,
808 1484 910 1564 initio,
926 1507 1044 1595 poenoe.
1068 1484 1142 1549 δίκαι
1157 1505 1240 1550 com-
1299 1533 1307 1545 .

136 1589 352 1640 memorantur
366 1574 433 1641 hae:
448 1573 680 1657 Ἀμφικτιιονιιιαί
694 1592 772 1661 331,
787 1572 847 1637 ult.
876 1574 990 1653 βλαβης
1003 1590 1082 1658 522,
1097 1594 1168 1658 pen.
1195 1573 1240 1651 δη.

135 1660 235 1743 μίτιαι
250 1660 396 1749 publicae.
442 1684 492 1725 uae
514 1673 598 1739 sunt,
619 1674 746 1724 auctore
770 1658 932 1737 Salmasio,
947 1682 1004 1737 eae,
1019 1658 1075 1723 ubi
1096 1680 1161 1722 nou
1182 1656 1239 1723 soli

135 1744 223 1827 laeso,
238 1748 294 1813 sed
308 1747 402 1813 etiam
415 1684 468 1813 iii
482 1746 660 1847 cuicunque
678 1744 739 1811 civi
759 1743 958 1824 Atheniensi,
971 1743 1024 1809 eui
1038 1744 1094 1831 jus
1112 1757 1191 1809 esset
1205 1743 1239 1809 in

133 1832 207 1899 soro
220 1834 345 1945 agendi,
359 1856 450 1911 reum
463 1834 586 1899 deferre
600 1832 723 1912 licebat,
738 1832 858 1897 etiamsi
878 1830 972 1896 laesns
992 1830 1059 1917 ipse
1080 1828 1125 1894 nil
1146 1846 1237 1896 esset.

135 1924 186 1985 οὐκ
201 1924 256 1987 άπο
271 1925 318 1997 τῆς
332 1924 416 1997 αὐτῆς
430 1920 547 1995 διανοίας
557 1922 599 1983 δεῖ
611 1920 664 1993 τάς
677 1946 709 1983 τε
724 1919 793 1994 ίδίας
807 1919 887 1993 δίκας
901 1919 950 1983 καί
964 1922 1016 1993 τοὶς
1032 1915 1165 1998 δημοσίας
1179 1918 1239 2002 κρί-

135 2030 188 2069 νειν
211 2007 287 2105 298,
311 2025 342 2073 2.
389 2006 450 2071 hoc
474 2006 507 2071 in
528 2028 642 2094 genere
667 2004 826 2070 actionum
848 2004 889 2069 ad
910 2018 1045 2069 actorem
1069 2026 1087 2067 e
1107 1999 1238 2067 luitione

134 2090 243 2157 damur
257 2091 382 2158 nullum
396 2091 518 2158 redibat
532 2091 792 2171 emolumentum,
807 2091 861 2155 sed
876 2089 995 2155 mulcta
1008 2090 1083 2154 fiseo
1096 2088 1237 2156 cedebat.

134 2182 158 2243 τί
174 2179 196 2241 δ’
212 2177 269 2265 tyci
283 2184 331 2259 τὴν
346 2180 389 2243 inl
403 2187 457 2243 τῶν
472 2179 542 2243 ίδίοον
557 2182 638 2243 δικῶν
653 2178 811 2257 πλεονεξίαν
824 2178 914 2255 ἀφείς,
929 2182 963 2261 τῇ
977 2175 1055 2240 πόλει
1072 2183 1237 2261 παραχωρῶ

133 2268 182 2339 τῆς
197 2264 343 2351 τιμωρίας,
359 2267 408 2329 καὶ
423 2273 518 2331 τοῦτον
534 2264 643 2347 είλόμην
662 2264 709 2327 riv
728 2269 839 2350 ἀγῶνα,
856 2264 903 2344 ἀφ’
920 2262 949 2325 οὗ
960 2260 1043 2344 μηδέν
1058 2264 1119 2323 ἐστι
1134 2266 1237 2343 λῆμμα

133 2353 233 2431 λαβεῖν
254 2352 313 2433 ἐμοὶ
334 2366 413 2438 523,
431 2372 481 2417 22.
527 2352 637 2415 ἐλάττω
659 2351 731 2413 πολὺ
754 2376 787 2436 το,
812 2350 891 2414 πόλει
913 2348 1052 2422 καταθείς,
1074 2346 1089 2423 ἢ
1113 2345 1167 2408 ὅσα
1186 2371 1234 2409 σοι
1289 2366 1292 2372 ’

132 2434 240 2515 δίδωσι,
256 2440 445 2525 καταγιλοίση
460 2439 536 2525 565,
551 2452 601 2521 27.
646 2434 780 2524 publicis
798 2436 831 2501 in
848 2434 977 2521 judiciis
991 2433 1034 2497 sic
1049 2431 1237 2519 procedeba-⁴

133 2534 196 2587 tur.
219 2523 315 2589 fiebat
329 2547 349 2588 a
364 2536 473 2589 senatu
488 2522 720 2611 praejudicium,
734 2535 803 2587 tum
818 2546 891 2587 reus
901 2520 1023 2609 judicio
1040 2518 1150 2607 populi
1164 2542 1237 2606 per·

131 2607 327 2688 mittebatur,
343 2610 400 2697 qui
414 2610 483 2697 ejus
497 2634 591 2675 causa
609 2609 641 2674 in
662 2607 809 2697 suffragia
824 2609 898 2674 ibet.
922 2631 987 2695 quo
1000 2606 1084 2671 facto
1098 2604 1237 2755 populus

130 2717 258 2761 causam
280 2694 321 2761 ad
344 2695 500 2761 Heliaeam
521 2695 693 2775 minimam,
717 2718 773 2760 seu
795 2696 840 2760 D.
856 2694 1008 2771 virorum,
1031 2704 1128 2756 aute
1172 2714 1237 2755 me-

131 2778 230 2861 diam,
245 2782 297 2847 M.
313 2782 464 2863 virorum,
476 2797 533 2849 aut
546 2782 588 2848 ad
602 2781 782 2861 maximnm,
799 2782 883 2846 MD.
898 2771 1049 2857 uirorum,
1063 2776 1233 2864 rejiciebat,

130 2889 191 2953 pro
213 2868 367 2955 gravitate
388 2892 491 2935 oausae
513 2886 587 2954 702,
605 2888 655 2935 22.
672 2892 742 2955 sqq.
787 2867 861 2930 δίκαι
879 2866 992 2948 βλάβης
1006 2879 1038 2929 et
1052 2862 1155 2950 ὕβρεως
1169 2886 1236 2948 qua

130 2952 278 3022 differant
291 2970 367 3040 522,
383 2975 456 3043 pen.
501 2956 646 3044 ἐμπορικαὶ
662 2954 844 3019 nwrcantile
863 2954 990 3039 affairs,
1005 2949 1067 3014 and
1090 2959 1180 3014 court
1199 2950 1246 3037 (ff

117 3041 321 3125 judicarem,
336 3042 437 3107 ιοίιονι
450 3043 565 3155 affluas
575 3042 792 3153 pfcommerce
805 3062 862 3104 are
876 3039 1022 3125 adjusted
1035 3036 1102 3100 aad
1114 3036 1234 3099 seond.

130 3128 278 3215 ἐμπορικαὶ
302 3127 376 3193 δίκαι
398 3134 448 3193 οὐκ
470 3155 550 3208 ησαν,
566 3154 658 3213 ιοσπιρ
673 3136 728 3207 νῦν,
745 3130 880 3211 ἀκριβεῖς,
904 3122 1134 3190 Macedonibus
1155 3135 1235 3209 puta

129 3235 201 3279 cum
219 3214 478 3294 Atheniensibus,
494 3228 566 3280 ante
582 3213 768 3302 Philippum
783 3211 889 3300 regem
905 3227 958 3297 79,
976 3230 1028 3277 22.
1059 3209 1133 3286 δίκην
1147 3212 1235 3291 ἐμπο-

128 3302 206 3385 ρικὴν
222 3300 482 3385 καταδικασάμενος
500 3309 549 3367 τοῦ
570 3300 716 3365 Μενίππου
730 3315 807 3385 571,
825 3318 875 3365 21.
920 3302 1063 3382 ἐπιτροπῆς
1085 3295 1160 3369 δίκην
1180 3296 1235 3357 τινί

129 3386 302 3471 λαγχάνειν.
322 3386 363 3452 ali
387 3410 458 3453 uem
472 3388 505 3453 in
520 3386 590 3452 foro
603 3408 747 3451 accusare
762 3385 844 3449 male
857 3397 954 3471 gestae
969 3381 1076 3447 tutelae
1092 3381 1166 3465 853,
1181 3381 1233 3444 18.

129 3469 195 3535 ίδιαι
211 3474 287 3557 298,
305 3492 333 3540 2.
364 3412 456 3549 (δίκας
472 3475 540 3549 ἰδίας
553 3498 601 3557 μοι
615 3478 748 3559 προσῆκεν
764 3475 840 3556 αὐτῷ
854 3474 958 3555 λαχεῖν
971 3483 1048 3554 502,
1064 3470 1117 3533 26.
1156 3462 1232 3528 δίκαι

128 3554 195 3623 ίδιαι
216 3560 242 3623 ἓν
262 3566 304 3645 τῷ
324 3560 387 3625 τότε
409 3566 497 3647 καιρῷ
519 3564 568 3624 οὐκ
586 3556 668 3639 ἦσαν,
685 3559 752 3622 ἀλλ’
768 3558 959 3637 άνεβάλλεσθε
981 3556 1025 3616 διά
1045 3556 1091 3617 τδν
1111 3548 1232 3631 πόλεμον

132 3646 297 3723 1102,16.
341 3646 606 3732 μεταλλικαδ976,
620 3666 694 3733 pen.
737 3642 883 3730 πατρῴων,
899 3640 932 3704 id
952 3652 1000 3704 est
1021 3639 1087 3723 ὑπὲρ
1103 3644 1158 3700 τῶν
1177 3662 1233 3699 πα-

128 3728 234 3815 τριριον.
256 3733 337 3811 ἡνίκα
350 3737 402 3807 τάς
416 3732 493 3808 δίκας
508 3732 615 3817 ἔλαχον
628 3738 682 3796 τῶν
698 3729 832 3817 πατρῴαν
846 3732 902 3802 τοῖς
917 3725 1068 3810 ίπιτρόποις
1082 3742 1158 3809 539,
1176 3740 1230 3807 23.

172 3814 247 3893 δίκηι
262 3818 392 3904 ἀργύριον
407 3832 454 3884 est
468 3832 525 3883 aut
538 3818 618 3883 illud
632 3841 686 3897 aes,
701 3818 741 3882 de
756 3839 821 3903 quo
835 3815 895 3878 ista
915 3813 947 3877 in
970 3836 1064 3877 causa
1080 3821 1229 3888 certatur,

128 3915 186 3966 aut
200 3902 317 3969 mulcta
331 3928 385 3969 roo
399 3903 484 3970 diota
501 3908 594 3983 1162,
613 3907 663 3969 18.
707 3906 739 3968 ri
755 3900 885 3986 άργιίριον
903 3906 950 3976 τῆς
971 3899 1046 3977 δίκης
1066 3895 1230 3985 ἐκομίσατο.

128 3986 278 4056 mulctam
294 4015 313 4056 a
327 4013 378 4055 me
392 3991 575 4057 sufferebat.
600 4012 674 4055 narn
696 3989 855 4054 interdum
878 3986 937 4064 δίκη
959 3985 1043 4050 idem
1066 3982 1231 4070 signifieat,

127 4088 225 4161 atque
240 4076 388 4155 καταδίκη.
410 4077 483 4142 vide
497 4078 530 4141 in
544 4074 627 4142 calce
642 4076 739 4161 hujus
752 4072 884 4140 articuli.
903 4072 1067 4157 κληρονόμος
1080 4077 1128 4147 τῆς
1143 4067 1229 4147 δίκης.

127 4160 219 4229 heres
229 4186 344 4251 poenae,
355 4162 397 4229 ad
407 4187 501 4251 quem
510 4164 565 4252 jus
576 4162 760 4227 devolutum
772 4175 819 4225 est
829 4183 939 4248 poenes
951 4182 972 4222 a
981 4156 1130 4222 violatore
1144 4178 1232 4242 repe-

129 4247 217 4313 tendi
230 4265 308 4335 521,
326 4251 377 4314 18.
422 4250 497 4327 δίκης
511 4250 589 4336 παρά
601 4275 672 4323 τινος
687 4247 841 4333 τυγχάνειν
855 4246 931 4331 561,
951 4265 980 4309 1.

172 4334 248 4415 δίκην
264 4337 374 4401 διδόναι.
398 4342 420 4401 εί
435 4344 489 4401 τῶν
504 4335 705 4419 λαμβανόντων
719 4332 794 4411 δίκην
808 4330 881 4406 ὄντες
898 4330 933 4402 ,ἂν
950 4326 1061 4403 διίιαίοος
1082 4330 1139 4410 μεθ’
1155 4332 1231 4409 ὑμῶν

129 4424 157 4485 ίν
186 4426 242 4499 τοῖς
272 4424 373 4487 διδοῦσι
402 4420 547 4507 γενοίμεθα
579 4440 673 4507 1300,
690 4442 731 4571 5.
775 4441 884 4506 poenas
906 4431 1047 4495 sumunt,
1069 4426 1230 4501 repetunt,

129 4528 186 4575 reu
209 4522 308 4595 actor,
332 4532 388 4575 seu
408 4508 531 4598 judex,
557 4530 667 4597 poenas
712 4519 749 4573 at·
764 4528 849 4573 reus.
878 4505 911 4570 τδ
934 4502 1121 4581 δίκηνδοῦναι
1144 4499 1234 4573 διαδὺς

645 4614 731 4679 ιι5,
