3009 4992
475 261 795 328 onncrrnnrs.
1145 276 1185 346 ις

84 439 184 524 pavi)
205 435 333 524 χρηστὸν
355 433 403 498 καί
426 433 525 500 mair.
570 435 616 500 sin
639 447 745 500 autern
764 445 896 514 oomtet,
911 432 1059 498 offirmari
1082 433 1187 514 linere,

83 547 153 590 eam
165 523 240 610 jure
253 522 367 586 iactam
381 543 460 604 esre,
474 536 543 586 tum
557 543 632 588 vero
646 521 791 586 salutaria
803 534 835 586 et
845 520 997 608 pnedara
1007 542 1074 586 eme
1084 521 1190 586 existi-

84 623 192 676 matur
208 613 285 707 645,
301 627 333 692 7.
377 613 418 694 τῷ
432 608 605 691 ἰττννγκίντι
620 613 668 685 τὴν
683 608 786 672 αἰτίαν.
831 609 888 694 qui
901 607 1039 695 aliquem
1050 606 1189 674 criminis

85 693 369 780 iusimuiavrt69a,
389 714 439 782 13.
482 700 516 781 τῇ
538 695 602 780 τρίς
624 691 749 769 οἰταντας
770 695 834 770 τοὺς
855 696 883 756 ἰν
903 698 966 767 ταῖς
988 691 1091 768 αἰτίαις
1106 693 1188 777 (atil.

85 783 182 868 ὄντας)
198 785 267 868 ὀργῇ
285 782 379 862 1476,
397 797 451 866 15.
478 794 573 862 1471,
589 797 620 864 7.
663 786 711 857 τῆς
731 779 904 864 ανολθγκτον
920 778 986 863 (vel
1007 779 1116 870 potiua
1140 784 1190 845 οἰν-

86 868 268 954 οξνλίγκτου)
285 872 331 930 νῦν
352 865 540 951 ἰτννοχθνίσης
561 865 654 942 αἰτίας
679 880 843 948 1471,11.
887 870 983 930 αἰτιῶν
996 865 1096 948 θμοίαν
1108 891 1190 932 reru-

84 955 208 1104 )prro‘m
226 953 322 1037 1467,
340 968 427 1035 17.=
435 953 553 1038 καθαρὸν
569 951 641 1016 οὖτα
652 955 712 1038 χρὴ
725 953 773 1014 τὸν
789 951 851 1032 βίον
871 957 920 1015 τοῦ
939 952 1074 1038 σόρρννσς
1094 955 1189 1065 ἂνδρθς

87 1069 99 1104 ἔ

111 1067 169 1120 ναι,
184 1037 258 1102 οἰστν
269 1043 308 1122 μὴ
324 1038 497 1124 ἰτιδίχοσθαν
512 1037 593 1116 δθξαν
607 1038 700 1112 αἰτίας
714 1042 830 1123 πονηρᾶς
845 1038 902 1102 AE.
918 1057 949 1120 7,
958 1057 1011 1124 31.
1035 1041 1189 1122 ίγγντατον

86 1131 134 1200 τῆς
148 1124 253 1202 αἰτίας,
269 1125 330 1188 καθ
344 1123 375 1202 ἣν
389 1129 405 1201 ἡ
418 1129 549 1210 παροῦσα
563 1123 654 1209 κρίσις
674 1123 761 1202 ἰστίν,
776 1147 850 1212 quae
870 1125 1014 1212 proxime
1033 1125 1190 1190 auoedunt

86 1212 127 1276 ad
142 1211 177 1276 id
191 1210 320 1288 crimen,
333 1209 423 1297 quod
434 1209 495 1274 hoc
509 1209 643 1274 maxime
661 1207 782 1297 judicio
799 1210 938 1298 agitatur
961 1229 1012 1296 15,
1028 1231 1082 1298 30.
1119 1213 1188 1275 m·
1206 1281 1213 1290 ,

86 1323 179 1362 ναττιν
191 1323 243 1372 τας
257 1323 350 1370 αιτιας
364 1295 561 1359 ατολιίσασθαι
578 1296 631 1374 18,
649 1315 698 1360 10.
720 1296 829 1383 βαρίονς
842 1299 891 1374 την
905 1298 997 1359 αἰτίαν
1011 1297 1118 1380 ἤνεγκα
1134 1297 1188 1378 18,

91 1405 141 1470 19.
182 1383 225 1446 ἰτί
238 1387 285 1458 τῆς
300 1380 392 1456 αἰτίας
406 1380 508 1458 ταύτης
527 1379 592 1444 ὄντα
614 1381 736 1462 18,10.
772 1380 928 1445 οἰνατιθίναι
948 1381 1001 1445 τννί
1022 1387 1075 1456 τοίς
1095 1382 1189 1458 αἰτίας

87 1479 141 1534 rev
156 1467 359 1554 τττραγμίνσνν
375 1487 427 1552 19,
445 1483 494 1552 15.
531 1468 693 1544 ἆτιθανθτης
707 1473 753 1542 τῆς
769 1468 861 1542 αἰτίας
874 1469 929 1553 36,
947 1486 998 1552 13.
1032 1467 1189 1550 ἰρβίιλλιιν

88 1555 183 1618 αἰτίαν
196 1572 251 1636 47,
268 1573 321 1640 13.
346 1553 480 1640 τθρραθεν
493 1554 536 1616 ἔτί
550 1557 599 1630 τὴν
613 1553 707 1616 αἰτίαν
720 1554 824 1630 ταιίτην
836 1555 1058 1640 παρεσκευάζετο
1068 1554 1124 1633 48,
1133 1575 1186 1636 41.

88 1645 137 1704 τοῦ
151 1641 203 1723 μὶν
218 1640 385 1721 ripis-prim
400 1641 501 1703 ἄδικιῑν
516 1637 605 1725 κιίριος
616 1635 657 1717 ἦν,
666 1643 715 1701 τοῦ
730 1638 758 1700 δί
771 1639 895 1725 ριίηίχειν
908 1637 1002 1702 αἰτίαν
1016 1639 1118 1724 ίητιίχη
1130 1656 1188 1725 51,

86 1745 140 1812 34.
179 1730 217 1799 τίς
230 1723 323 1788 αἰτίαν
336 1724 512 1809 αἰαγγολίαν
527 1725 577 1788 καί
592 1725 687 1798 θυσίας
700 1727 749 1802 τὴν
765 1727 868 1802 βουλὴν
888 1723 1056 1801 κατίστησν,
1072 1724 1135 1789 fuit
1155 1726 1190 1792 in
1289 1746 1298 1760 ⁸

87 1835 193 1886 nausa,
211 1825 247 1875 ut
262 1824 387 1876 renatus
400 1824 598 1874 aocuearetur
611 1823 668 1874 aut
682 1808 964 1896 reprehenderetur
979 1810 1035 1893 (ab
1049 1810 1189 1876 Alexan·

87 1897 160 1983 dro)
179 1897 220 1961 de
232 1896 389 1962 celebrato
401 1918 472 1960 oum
489 1895 583 1960 meris
595 1895 647 1961 die
661 1896 754 1974 festo,
767 1895 811 1960 ob
828 1894 956 1959 allatum
977 1894 1086 1961 letum
1108 1919 1190 1962 nun-

87 1983 172 2048 cium
188 1983 229 2047 de
242 1982 329 2046 crede
344 1981 481 2131 Philippi
498 1984 550 2066 76,
567 2000 620 2067 13.
657 1981 815 2065 ἀμφίβολος
831 1989 845 2058 ἡ
859 1981 940 2046 αἰτία
955 1983 1009 2066 76,
1024 2002 1079 2068 39.
1121 1988 1190 2046 ἄνα-

87 2068 178 2152 ρὲρνιν
192 2067 239 2132 tut
252 2093 315 2131 τινα
329 2067 420 2142 αἰτίας
460 2085 493 2147 4,
506 2072 559 2152 36.
597 2067 669 2131 οὕτω
690 2071 753 2142 ταῖς
773 2066 877 2143 αἰτίαις
897 2070 950 2141 τοίς
972 2072 1050 2131 κατὰ
1070 2076 1189 2140 nemon

88 2157 240 2240 ἐνέφραξας
255 2153 437 2240 κατηγορίας,
452 2152 635 2219 obstruxisti
649 2153 732 2218 viam
747 2152 990 2229 muratoribus,
1004 2176 1071 2240 quo
1084 2153 1199 2220 minua·

83 2242 161 2328 jure
182 2255 213 2304 te
234 2237 379 2326 persequi
403 2238 531 2328 possint,
546 2239 798 2305 criminationum
820 2237 1033 2316 multitudine,
1048 2261 1128 2326 quar
1152 2252 1190 2306 tu

88 2327 134 2390 eis
150 2327 286 2390 intentas
301 2326 354 2410 85,
368 2344 420 2411 31.
453 2325 592 2405 βασάνους
608 2328 649 2389 ἰτ’
662 2324 769 2399 αἰτίαις
780 2325 923 2408 ἇγννῆτοις
938 2326 991 2402 86,
1010 2345 1040 2388 1.
1068 2326 1191 2413 αἰσχρόν

90 2419 152 2478 ἰστι
167 2415 213 2475 τθν
228 2411 387 2489 αἰτιοίμννον
405 2415 454 2475 οὐκ
475 2411 549 2497 θχειν
571 2414 701 2489 ἰτιδιῖξαι
724 2417 771 2486 τῆς
792 2409 885 2485 αἰτίας
906 2411 939 2474 τί
962 2410 1041 2496 ίργον
1063 2411 1190 2490 86,11.

89 2497 245 2562 ἄνατιθίναι
265 2498 315 2561 τινί
335 2501 386 2571 τὰς
407 2496 511 2578 αἰτίας,
525 2496 567 2560 im
591 2513 692 2575 utare,
705 2495 882 2561 adscribere
903 2497 957 2579 87,
971 2497 1025 2581 38.
1061 2497 1191 2562 οἰτολτίνιν

89 2593 145 2648 τῶν
160 2588 255 2647 αἰτιῶν
269 2583 459 2666 90,1.εἰνα
478 2585 614 2666 μηδνμιαν
635 2587 699 2664 ἡμῖν
719 2581 814 2646 αἰτίαν
836 2582 913 2660 ἰτιφί
973 2607 996 2645 ιν
1019 2583 1120 2668 Ῑ.63,
1138 2584 1191 2651 16.

89 2668 221 2745 τοιαύτην
234 2667 328 2732 αἰτίαν
342 2670 454 2754 ἔχοντος
469 2673 512 2732 Θ.
525 2671 585 2754 τερί
605 2667 870 2755 rir-Thudippo
883 2667 915 2732 la
1013 2683 1045 2732 te
1060 2691 1099 2732 ea
1111 2669 1192 2732 inia-

90 2755 166 2832 mia,
178 2753 419 2820 utdioereturin
430 2757 600 2839 A.patrem
613 2767 733 2820 tantum
742 2753 865 2819 facinus
874 2753 1062 2818 commisisse
1073 2756 1126 2838 76,
1135 2754 1189 2840 38.

95 2846 173 2914 :eis
187 2838 324 2915 οἱκοιισίας
338 2841 431 2914 αἰτίας
450 2838 529 2918 ἦλθεν
550 2843 595 2906 Α.
615 2860 672 2906 111
677 2887 687 2920 ,
705 2842 757 2906 18.
792 2843 842 2917 τὴν
862 2837 957 2903 αἰτίαν
977 2843 1034 2925 σθχ
1055 2839 1191 2925 ἡμιτίραν

91 2925 191 3004 οὖσαν,
205 2925 245 2990 ad
260 2947 316 2990 noo
329 2925 373 2990 nil
387 2924 606 3014 pertinentem,
622 2949 642 2990 a
660 2925 750 2990 nobis
771 2923 916 3004 alienam,
930 2928 994 3007 ἡμῖν
1014 2923 1191 3012 τροσίβολτν

95 3029 168 3089 111,
185 3011 440 3096 31.ετολλσστθν
453 3037 481 3074 τι
495 3010 577 3096 μίρος
590 3018 638 3088 τῆς
651 3011 744 3086 αἰτίας
766 3011 869 3098 νθρίθην
887 3008 946 3095 tyci
966 3010 1042 3095 θχων
1055 3012 1120 3074 An.
1137 3009 1190 3088 10,Ι

91 3117 146 3175 40.
183 3097 306 3182 ιἰτοίρχνι
321 3101 413 3172 αὐτοῖς
427 3096 520 3161 αἰτίαν
536 3099 584 3161 καί
599 3099 686 3182 λόγον
705 3097 826 3182 αἰσχρὸν
845 3096 921 3181 ἰχτιν
942 3100 974 3160 ἰκ
996 3103 1052 3160 τῶν
1070 3101 1192 3168 πολιτῶν

93 3201 148 3261 11,
167 3202 216 3263 14.
251 3185 283 3246 τὸ
298 3191 383 3264 σῶμα
396 3187 445 3258 τῆς
459 3181 551 3256 αἰτίας
565 3183 749 3261 ἀπήλλακται
767 3200 821 3261 11,
837 3179 1028 3264 40.εαίτίαν
1046 3181 1107 3268 ττρί
1128 3187 1192 3246 tao-

92 3277 148 3332 rr'rr
160 3269 256 3351 λίγνιν
268 3269 309 3332 L.
324 3284 378 3354 95,
391 3287 440 3332 10.
463 3269 506 3330 tet
518 3269 658 3343 τοιαθτινις
669 3267 771 3343 αἰτίαις
782 3273 819 3342 νίς
830 3274 960 3332 τοσοῦτον
971 3267 1087 3330 κίνδυνον
1101 3291 1192 3330 κατα-

93 3355 247 3430 στήσεσθαι
272 3372 346 3432 101,
375 3371 428 3434 41.
476 3351 603 3435 οθθιμίαν
625 3353 705 3439 σχοθν
726 3353 821 3417 αἰτίαν
845 3371 918 3439 103,
939 3374 970 3438 3.
999 3353 1040 3414 ὅτ’
1055 3355 1192 3438 αἰσχραῖς

92 3439 197 3514 αἰτίαις
210 3439 388 3525 ἰξηλιγμίνοι
407 3453 480 3522 107,
493 3440 522 3503 8.
553 3437 637 3514 οἷίτονς
652 3440 866 3524 ἀπροσδοκήτοις
880 3438 982 3510 αἰτίαις
996 3437 1193 3522 τνρντίττακα

97 3526 170 3603 108,
189 3545 241 3589 11.
268 3526 412 3611 ἡγούμενον
427 3525 486 3606 ἰμοί
500 3530 551 3605 μὶν
564 3524 667 3603 ταῦτην
680 3529 729 3602 τὴν
744 3523 837 3588 αἰτίαν
851 3523 1031 3609 ἅτοροντοίτην
1044 3522 1112 3585 ιίναι
1123 3527 1193 3585 οἰσο-

94 3614 179 3690 δνῐξαι
199 3611 341 3688 108,18.
378 3616 426 3686 τῆς
440 3609 532 3685 αἰτίας
547 3611 641 3694 οἰφίντε
661 3629 733 3696 109,
750 3623 782 3692 7.
819 3613 852 3672 αἰ
864 3608 994 3684 τστσίηκν
1006 3609 1067 3691 τνρί
1089 3605 1125 3670 οίν
1145 3611 1193 3670 ἰσ-

92 3723 134 3762 τιν
157 3704 174 3774 ἡ
198 3696 277 3760 αἰτία
303 3713 376 3784 137,
392 3699 444 3782 38.
459 3697 571 3761 Tm.
608 3699 773 3761 ἰσνιοτοῦντο
796 3701 845 3771 τῆς
870 3698 963 3768 αἰτίας
987 3697 1037 3771 την
1058 3693 1194 3778 τρθρασιν

96 3803 169 3864 114,
184 3802 238 3864 41.
275 3781 453 3847 offensionis
474 3783 523 3846 vel
545 3781 778 3850 criminationis.
815 3783 932 3865 ἔχοντας
953 3779 1057 3857 ταύτην
1077 3783 1126 3857 τὴν
1146 3784 1193 3844 αἰ·

93 3869 167 3933 τίαν.
205 3867 303 3955 hujus
316 3868 453 3933 criminis
465 3869 622 3934 incusatos
639 3873 711 3956 165,
726 3869 869 3949 46.=D.
889 3885 962 3946 102,
977 3866 1008 3929 8.
1044 3870 1093 3942 τὴν
1114 3868 1195 3930 τίλιν

94 3960 130 4028 εἰς
144 3955 240 4018 αἰτίαν
254 3956 436 4020 καθιστάνειν.
466 3954 500 4019 in
514 3954 772 4033 criminationem,
787 3953 936 4019 invidiam
948 3951 1104 4016 adducere
1121 3972 1194 4038 109,

98 4061 110 4104 l
139 4090 147 4105 ι

117 4056 296 4214 7οιίτιιῑσθαι]
316 4127 445 4193 αἰτιᾶταί
458 4153 495 4207 μν
509 4129 581 4194 otto
593 4125 735 4203 Φίλιττνς
749 4128 816 4212 ύτὶρ
834 4132 885 4190 τοῦ
902 4123 1026 4205 τολίμον
1049 4140 1123 4209 150,
1139 4141 1192 4208 13.

96 4214 239 4278 αἰτιᾶσθαι
253 4215 314 4300 τορί
328 4223 385 4278 τῶν
398 4215 626 4304 ταριληλυθίταν
643 4231 716 4296 191,
730 4233 764 4294 4.
806 4211 842 4275 ὧν
856 4217 905 4289 τὴν
923 4211 1018 4275 τονίαν
1038 4211 1194 4274 αἰτιοίταιτ)

98 4299 131 4364 ἄν
146 4325 199 4376 τις,
214 4321 350 4386 quarum
365 4299 491 4388 culpam
505 4299 596 4365 facile
610 4297 642 4362 in
656 4310 874 4386 paupertatem
889 4296 1030 4362 oouferaa
1048 4313 1125 4381 314,
1142 4312 1194 4360 1ο.

97 4391 120 4450 εἰ
134 4393 184 4451 τοῦ
197 4387 369 4474 πράγματος
383 4389 510 4472 αἰτιῷντο
525 4387 574 4470 ἰμί
587 4387 664 4472 548,
681 4403 734 4452 10.
764 4383 949 4450 αἰτιάσασθαι
962 4388 1057 4448 ταῦτα
1069 4384 1120 4446 οὐκ
1133 4380 1196 4444 ἔστι

98 4472 162 4562 τρός
175 4477 225 4553 τὴν
238 4477 290 4554 rip
304 4471 367 4554 θθιν
389 4489 550 4558 140413.
595 4469 781 4558 αἰτιασαίμην
801 4468 835 4535 θν
855 4468 949 4538 otton
970 4476 1021 4535 τοῦ
1041 4473 1135 4542 κακῐις
1155 4468 1195 4530 τιί
