3009 4992
509 236 819 303 cincinnis.
1151 244 1213 319 255

111 408 308 499 περιποιεῖσθαι
323 411 401 494 ταρά
413 415 463 475 τοῦ
476 408 592 487 τλῆθονς
607 408 698 487 δόξαν,
713 410 749 483 ἀς
769 404 822 472 olel
839 407 981 491 δημοτικοί
1002 410 1075 491 164,
1091 428 1122 494 9.
1165 412 1215 490 τὴν

111 504 160 574 τῆς
174 496 281 571 πόλεως
296 494 376 575 δόξαν
390 499 514 581 ἀφορμὴν
528 494 602 581 έχων
617 496 665 559 καὶ
680 494 800 575 τοῦνομα
817 510 892 576 171,
909 511 962 560 22.
1005 493 1086 573 δόξαν
1103 495 1215 581 lapip-

112 587 179 647 σθαι
193 590 242 648 τοῦ
258 584 344 645 δοκεῖν
358 580 387 645 εὖ
411 580 505 667 λέγειν
523 582 595 663 178,
611 596 642 663 7.
686 585 735 643 οὐκ
759 581 819 643 ἔστι
838 580 970 665 χαλεπόν
990 579 1071 658 δόξαν
1091 583 1215 667 ἀνδριίας

112 673 214 750 λαβεῖν
233 670 305 745 180,
322 668 353 732 8.
390 672 442 741 τάς
456 670 534 752 παροδ
552 676 606 731 τῶν
628 665 838 747 διαβαλλόντων
858 668 907 742 τὴν
928 666 1008 730 πόλιν
1028 667 1216 750 βλασφημίας

113 756 190 843 έργιρ
204 759 278 837 μετά
294 754 369 833 δόξης
385 760 473 828 καλῆς
488 753 683 817 ἀπολύσασθαι
702 772 776 835 191,
794 772 846 817 10.
881 753 925 815 ἀεί
939 752 999 837 περί
1013 753 1151 841 πρωτείων
1165 756 1215 818 καῖ

112 847 197 925 τιμῆς
213 842 261 905 καί
277 839 352 917 δόξης
373 840 572 921 ἀγωνιζομένην
594 844 642 915 τὴν
663 838 785 923 πατριδα
807 856 882 920 247,
896 853 928 921 5.
973 836 1107 925 dorent
1128 846 1217 926 λοιτᾷ

113 932 191 1011 μετά
204 932 286 1009 τιμῆς
300 927 348 989 καί
364 924 440 1004 δόξης
455 930 500 1011 ζῇν
516 941 590 1006 247,
610 940 659 1008 15.
693 928 755 1003 ὑμῖν
769 928 807 987 rol
822 924 981 1002 κάλλιστα,
997 922 1110 1003 έπαινοι,
1125 927 1215 1006 δόξαν,

114 1014 210 1095 τιμαί,
225 1014 365 1093 στέφανοι,
379 1012 508 1097 χάριτες,
523 1016 600 1093 παρά
614 1020 667 1075 τῶν
683 1009 711 1073 εὗ
726 1010 893 1073 πεπονθότων
909 1010 1052 1095 ίγίγνοντο
1073 1030 1147 1098 252,
1165 1033 1216 1094 10,
1231 1068 1236 1080 .

113 1098 181 1162 ἀνευ
195 1104 243 1161 τοῦ
258 1102 347 1175 καλὴν
362 1098 443 1174 δόξαν
461 1101 589 1183 ἐνεγκεῖν.
633 1109 845 1183 praeterquam
866 1095 955 1182 quod
975 1095 1128 1184 insignem
1149 1099 1218 1186 glo·

115 1184 196 1249 riam
211 1180 315 1248 attulit
334 1198 408 1268 255,
425 1202 477 1247 10.
501 1189 531 1247 aii
543 1183 702 1264 φοβηθέντες
716 1187 765 1259 τὴν
778 1182 842 1244 τότε
856 1181 993 1263 Θηβαίων
1007 1186 1098 1267 ῥώμην
1112 1188 1159 1249 καί
1174 1185 1218 1250 δόο

115 1274 171 1348 ξαν
185 1271 367 1355 ε’ντάρχουσαν
384 1284 458 1353 259,
476 1287 503 1332 1.
548 1276 580 1355 τῇ
594 1268 673 1333 πόλιν
687 1268 702 1345 ἢ
716 1265 811 1346 πλέον,
826 1267 842 1345 i
856 1267 973 1331 ἔλαττον
986 1270 1099 1379 ἀνάγκη
1112 1277 1169 1334 τάν
1180 1298 1218 1359 γι

116 1356 240 1441 δημοσία
253 1355 452 1440 πεπραγμένων
466 1358 586 1435 μετεῖναι
600 1359 649 1430 τῆς
664 1354 739 1433 δόξης
756 1356 831 1440 269,
846 1354 876 1417 8.
919 1354 951 1431 ἧς
965 1355 1015 1435 μέν
1029 1359 1128 1420 οικοθτι
1141 1359 1217 1435 ἤειιτΡ

118 1442 231 1525 ἔχοντες
246 1440 321 1518 δόξης
335 1443 394 1525 περί
410 1447 484 1521 ἡμῶν
504 1445 648 1522 ἀμελῆσαι
669 1459 745 1525 303,
762 1458 813 1505 20.
857 1439 1024 1517 μεταθέσθαι
1045 1442 1148 1517 ταόπην
1167 1446 1219 1522 τὴν

117 1528 200 1605 δόξαν
214 1531 298 1605 ἀξιῶν
312 1532 385 1607 ὑμεῖς
398 1546 475 1612 304,
489 1546 520 1611 3.
552 1531 648 1602 κτῆσιν
660 1524 804 1605 niveloni]
823 1526 899 1604 δοξης
917 1526 995 1611 328,
1010 1527 1069 1591 ult.
1093 1534 1175 1593 τοῦτο
1189 1528 1218 1593 δῖ

119 1614 209 1677 καλόν
224 1612 270 1676 καί
286 1614 384 1693 σεμνδν
400 1617 435 1685 είς
450 1616 547 1699 ἀρετῆς
562 1611 647 1695 λόγον
662 1613 710 1675 κἀί
726 1612 802 1691 δόξης
816 1612 894 1697 385,
912 1632 960 1677 11.
992 1616 1023 1677 εὖ
1037 1614 1129 1695 μόνον,
1144 1620 1168 1679 εί
1177 1619 1218 1698 μιὶ

116 1696 245 1784 χρήματ’
260 1698 413 1777 ἀπόλλυτε,
429 1698 573 1775 σκεπτέον,
589 1700 656 1761 ἀλλ’
671 1702 694 1761 εί
711 1700 758 1761 καί
773 1699 854 1775 δόξαν
865 1703 994 1785 χρηστὴν
1007 1716 1084 1783 459,
1099 1719 1149 1785 25.
1179 1706 1219 1767 nl

118 1790 167 1861 τῆς
177 1785 252 1862 δόξης
263 1785 397 1866 κτήματα
409 1782 523 1859 ἀνελυίν,
531 1788 569 1849 τά
580 1791 629 1848 τοῦ
640 1784 761 1848 πλοότου
770 1785 915 1861 πεποίηται
924 1790 1012 1870 μικροὶ
1023 1789 1100 1869 617,
1109 1789 1139 1851 8.
1152 1789 1219 1873 πρδς

118 1869 649 2040 tittltttttittttlltltl
660 1871 1219 2041 lllttlffllt‘ttttllfflitss
1278 1878 1287 1901 ί

119 2040 307 2125 παρίσταται.
350 2040 489 2128 opinatio
502 2041 673 2119 sententiae,
689 2020 721 2105 li.
738 2065 767 2106 e.
783 2042 885 2105 visum
900 2042 991 2120 illud,
1007 2044 1092 2108 unde
1113 2055 1220 2111 manat

121 2126 275 2191 sententia
285 2125 443 2215 judicum,
459 2128 614 2191 enascitur
628 2150 723 2215 penes
737 2150 790 2192 eos
803 2149 843 2192 ex
854 2128 902 2206 iis,
911 2152 984 2215 quie
996 2130 1132 2194 audiunt
1143 2134 1164 2195 6
1163 2146 1219 2217 52,

121 2215 176 2279 26.
221 2214 300 2291 δόξαν
316 2212 403 2299 ἔργον
418 2222 527 2293 καλῶν,
540 2212 570 2292 ἢν
585 2220 609 2277 ol
622 2221 736 2278 τοιοῦτοι
751 2218 864 2279 πολῖται
884 2216 977 2277 πάντα
998 2214 1095 2301 τρόπον
1116 2217 1219 2280 ἀναλί-

121 2324 247 2376 σκοντες,
265 2302 319 2383 οὐχ
335 2299 384 2362 οίοί
397 2324 429 2362 τε
443 2302 511 2363 violi
525 2302 659 2381 ἀφανίσαι
676 2297 750 2383 689,
768 2304 820 2365 26.
864 2300 909 2364 εἶθ’
930 2300 1002 2365 οὗτοι
1023 2310 1220 2385 κληρονομοῦσι

120 2390 170 2462 τῆς
185 2384 319 2467 ὑμετέρας
333 2383 410 2463 δόξης
425 2386 473 2447 καί
488 2394 544 2449 τῶν
557 2386 693 2469 ὑμετέρων
706 2388 820 2469 ἀγαθῶν
834 2388 909 2470 690,
928 2406 978 2468 14.
1012 2388 1091 2464 δόξαν
1106 2392 1136 2451 οεί
1147 2414 1222 2473 χρη·

121 2475 192 2545 σπὴν
204 2473 280 2534 κατά
294 2476 341 2545 τῆς
355 2470 458 2543 πόλεως
472 2471 598 2547 ποιήσετε
614 2473 688 2557 765,
710 2492 759 2557 15.
802 2477 857 2546 τοῖς
875 2473 1027 2554 ἠμεληκόσι
1047 2473 1123 2552 δόξης
1142 2475 1222 2539 ἄδεια

122 2557 329 2653 γέγονεθποιεῖν
351 2556 368 2618 ό
389 2581 416 2619 τι
439 2556 587 2635 βούλονται
606 2576 699 2643 1232,
718 2576 766 2641 17.
810 2560 927 2644 τηδόξη
951 2559 1222 2643 καταμαντευόμενοι
1336 2606 1339 2610 -

123 2652 302 2728 opinatione
331 2642 522 2729 suspicantes
550 2662 644 2724 1400,
669 2665 701 2726 4.
748 2644 940 2710 Sententiam
965 2645 1131 2710 Demosth.
1157 2646 1223 2711 huo

122 2727 331 2815 pertinentem
353 2752 373 2792 a
396 2728 521 2793 Stobaeo
543 2744 696 2794 servatam
717 2753 747 2794 v.
771 2729 831 2795 sub
852 2731 967 2805 δίκαιος.
1010 2737 1057 2807 τῆς
1080 2732 1146 2817 ὑπὲρ
1167 2741 1221 2797 τάν

124 2815 249 2897 πράξεων
264 2813 339 2892 δόξης
354 2815 435 2889 οὐδείς
449 2816 608 2891 τηλικοῦτός
626 2819 711 2894 ἔστιν,
726 2816 802 2890 όστις
824 2816 903 2880 ἔσται
926 2816 1014 2901 κόριος
1036 2817 1225 2904 opinationis

32 2912 37 2917 ’
124 2914 156 2963 et
178 2900 272 2964 faniae
293 2899 431 2987 vulgaris
452 2900 492 2965 de
514 2924 618 2977 rerum
640 2916 798 2989 gestarum
821 2901 925 2966 valore
945 2924 1039 2967 nemo
1059 2916 1105 2967 eat
1126 2926 1224 2991 penes

125 3008 221 3073 quein
237 2986 277 3050 sit
287 2986 452 3063 arbitrium
469 3007 562 3075 1433,
583 3008 633 3051 11.
659 2989 765 3070 φαύλην
781 2988 861 3065 δόξαν
875 2988 1133 3053 existimationem
1147 2997 1162 3067 ἡ
1174 2989 1223 3055 τό·

124 3088 167 3147 λις
184 3072 326 3151 λαμβάνει
344 3088 440 3158 1475,
457 3092 507 3159 23.
541 3074 621 3152 δόξαν
635 3077 694 3161 περί
709 3075 926 3153 τελευτήσαντος
941 3074 1016 3160 ἔχειν
1028 3079 1076 3154 τὴν
1087 3074 1223 3157 ἀναιτίαν,

125 3158 156 3234 ἢν
171 3160 231 3243 περὶ
247 3163 344 3238 ζῶντος
359 3158 384 3221 εί
408 3163 445 3223 στ’
460 3161 560 3224 ίκείνου
578 3178 673 3245 1479,
684 3162 883 3245 5.-.-καθαρδν
896 3159 967 3227 oiim
976 3165 1035 3247 χρὴ
1046 3162 1091 3226 τάν
1101 3161 1165 3243 βίον
1173 3170 1223 3229 τοῦ

125 3244 261 3330 σάφρονος
277 3246 369 3330 ἀνδρὸς
383 3271 461 3322 αναι,
476 3243 550 3309 οίστε
563 3250 601 3326 μὴ
622 3248 797 3332 ίπιδέχεσθαι
818 3247 899 3325 δόξαν
921 3248 1013 3321 αἰτίας
1033 3254 1151 3334 πονηροῖς
1165 3250 1222 3314 AE.

127 3348 160 3413 7,
176 3348 231 3415 32.
274 3339 384 3417 ληστῶν
398 3331 473 3409 δόξης
488 3331 682 3413 ἀνεπίμπλατο
697 3350 751 3418 37,
771 3351 821 3418 23.
866 3333 1004 3419 ἀρχόμεθα
1018 3334 1100 3410 δήπου
1117 3336 1225 3409 θευδεῖς
1282 3408 1288 3417 ,

126 3414 227 3479 οίκοθεν
241 3414 323 3479 ἐνίοτε
339 3416 418 3515 δόξας
432 3417 542 3503 ἔχοντες
557 3421 635 3482 κατά
648 3426 703 3483 τῶν
717 3424 875 3505 λογισμῶν,
886 3441 995 3505 prave,
1006 3441 1169 3505 perperam
1183 3419 1225 3486 de

125 3500 300 3566 rationibus
325 3501 537 3569 existimantes
558 3506 612 3582 62,
628 3525 657 3590 9.
701 3504 893 3589 περιέρχονται
917 3509 965 3581 τὴν
989 3509 1097 3589 appar
1117 3506 1225 3582 ἀληθεῖς
1343 3552 1347 3558 -

126 3590 193 3651 κατ’
208 3590 341 3665 ἀλλῆλεον
357 3589 467 3673 θχοντες
481 3590 559 3666 δόξας
576 3590 630 3669 84,
648 3596 760 3674 27.εὴ
774 3590 841 3667 δόξα
855 3597 909 3653 τάν
923 3590 1102 3676 πραχθέντων
1120 3590 1227 3672 existi·

126 3673 235 3753 matio,
250 3674 357 3761 opinio
371 3674 410 3739 de
425 3676 519 3741 rebus
533 3675 639 3762 gestie,
652 3678 718 3759 τρδς
732 3683 787 3741 τῶν
802 3674 951 3755 δυναμένων
966 3676 1059 3759 λέγειν
1074 3677 1135 3740 ἐστὶ
1148 3675 1184 3740 li.
1195 3700 1224 3742 e.

126 3782 224 3847 penes
239 3760 371 3825 disertos
385 3776 443 3839 est,
459 3775 496 3826 ut
509 3776 604 3849 prout
618 3762 677 3860 ipsi
691 3761 800 3841 velint,
815 3760 859 3826 sic
873 3760 1000 3825 sec‘usve
1013 3760 1054 3826 de
1066 3761 1162 3827 rebus
1176 3762 1226 3829 'u-

127 3845 262 3925 dioetur,
274 3860 370 3945 prout
380 3846 426 3911 illi
437 3863 557 3913 mentes
571 3848 767 3915 audientium
781 3848 920 3913 oratione
933 3848 996 3913 liuo
1010 3863 1068 3914 aut
1079 3847 1155 3913 illue
1168 3786 1226 3915 lle·

125 3946 212 3997 ctere
230 3946 263 3997 et
280 3932 440 4019 impellere
454 3932 552 3999 velint
565 3936 609 3999 A.
629 3954 701 4013 121,
717 3954 768 4003 21.
813 3933 875 4045 δόξρ
896 3938 935 4016 μὴ
957 3935 1071 4021 ἀληθιίρ
1091 3938 1225 4001 ποιεῖσθαι

126 4024 176 4097 τὴν
192 4018 282 4103 κρίσιν
300 4038 373 4097 121,
389 4020 566 4099 20.τ.δόξαν
580 4022 704 4089 έναντίαν
719 4028 766 4098 τῆς
777 4046 913 4107 προτερας
932 4024 1074 4101 λαβοῦσαι
1091 4021 1133 4085 L.
1151 4040 1227 4106 190,

126 4124 192 4192 44..
227 4106 286 4169 otti
300 4108 457 4170 πολλοστὸν
470 4106 551 4193 μέρος
566 4112 613 4184 τῆς
628 4106 704 4185 δόξης
721 4106 905 4215 (opinionis)
920 4112 967 4183 τῆς
979 4108 1045 4194 παρ’
1060 4110 1123 4189 ὑμῖν
1143 4107 1226 4191 ίράνη

126 4194 166 4254 τά
179 4192 320 4300 χρῆματα
338 4206 410 4277 155,
427 4208 457 4276 7.
503 4194 553 4255 καί
573 4194 693 4265 πολλοὺς
713 4195 773 4257 οθδε
787 4193 893 4270 *δόξαν
905 4194 1007 4255 ἀδικεῖν
1024 4211 1096 4273 104,
1114 4212 1164 4279 29.
1194 4192 1228 4259 τό

126 4277 180 4359 μὲν
194 4282 257 4358 έμον
272 4276 352 4359 γένος
366 4280 422 4343 ἀπ’·
432 4282 498 4361 έμοῦ
512 4275 544 4341 τό
558 4278 738 4363 γνωρίζεσθαι
751 4282 801 4355 τὴν
815 4281 907 4363 ἀρχὴν
920 4277 1074 4358 λαμβάεει,
1087 4279 1119 4343 τδ
1135 4281 1164 4343 δέ
1178 4281 1229 4344 σάν

126 4363 217 4449 μέχρι
237 4369 288 4427 τοῦ
309 4368 358 4442 τὴν
379 4364 460 4443 δόξαν
482 4362 593 4441 ἔστησε.
639 4386 692 4451 ap.
714 4363 888 4460 Ulpianum
916 4362 958 4427 ad
987 4365 1221 4430 Mtdtmam.=

128 4448 210 4529 δόξαν
225 4450 441 4535 έγκαταλείτειν
455 4451 518 4539 Ly.
537 4462 610 4536 154,
624 4470 658 4532 4.
685 4444 849 4535 ἀείμνηστος
863 4448 929 4529 δόξα
945 4452 1018 4537 163,
1032 4470 1087 4537 34.
1118 4453 1144 4515 δ.
1158 4472 1229 4525 aare
