<?xml version="1.0" encoding="UTF-8"?>
<!DOCTYPE html PUBLIC "-//W3C//DTD XHTML 1.0 Transitional//EN"
    "http://www.w3.org/TR/xhtml1/DTD/xhtml1-transitional.dtd">
<html xmlns="http://www.w3.org/1999/xhtml" xml:lang="en" lang="en">
 <head>
  <title>
</title>
<meta http-equiv="Content-Type" content="text/html;charset=utf-8" />
  <meta name='ocr-system' content='tesseract 3.04.00' />
  <meta name='ocr-capabilities' content='ocr_page ocr_carea ocr_par ocr_line ocrx_word'/>
</head>
<body>
  <div class='ocr_page' id='page_1' title='image "./indicesgraecita01mitcgoog_0109.png"; bbox 0 0 3009 4992; ppageno 0'>
   <div class='ocr_carea' id='block_1_1' title="bbox 500 257 1206 347">
    <p class='ocr_par' dir='ltr' id='par_1_1' title="bbox 500 257 1206 347">
     <span class='ocr_line' id='line_1_1' title="bbox 500 257 1206 347; baseline 0.003 -27"><span class='ocrx_word' id='word_1_1' title='bbox 500 257 819 323; x_wconf 69' lang='lat' dir='ltr'>concurris.</span> <span class='ocrx_word' id='word_1_2' title='bbox 1166 277 1206 347; x_wconf 78' lang='lat'>97</span> 
     </span>
    </p>
   </div>
   <div class='ocr_carea' id='block_1_2' title="bbox 100 425 1294 694">
    <p class='ocr_par' dir='ltr' id='par_1_2' title="bbox 100 425 1294 694">
     <span class='ocr_line' id='line_1_2' title="bbox 100 425 1209 578; baseline -0.029 -62"><span class='ocrx_word' id='word_1_3' title='bbox 100 439 312 578; x_wconf 51' lang='grc' dir='ltr'><strong><em>ἓδίῑὼυσομιῖ</em></strong></span> <span class='ocrx_word' id='word_1_4' title='bbox 323 425 517 540; x_wconf 43' lang='lat' dir='ltr'>diiuupive</span> <span class='ocrx_word' id='word_1_5' title='bbox 528 427 623 542; x_wconf 64' lang='lat' dir='ltr'>titulo</span> <span class='ocrx_word' id='word_1_6' title='bbox 635 429 800 541; x_wconf 62' lang='lat' dir='ltr'>peculatus</span> <span class='ocrx_word' id='word_1_7' title='bbox 814 431 891 511; x_wconf 75' lang='grc' dir='ltr'><strong><em>οφνίς</em></strong></span> <span class='ocrx_word' id='word_1_8' title='bbox 904 432 936 495; x_wconf 72' lang='grc' dir='ltr'>τὸ</span> <span class='ocrx_word' id='word_1_9' title='bbox 949 435 988 496; x_wconf 74' lang='grc' dir='ltr'><strong><em>να</em></strong></span> <span class='ocrx_word' id='word_1_10' title='bbox 1001 432 1097 546; x_wconf 52' lang='lat' dir='ltr'>mit,</span> <span class='ocrx_word' id='word_1_11' title='bbox 1110 437 1209 546; x_wconf 60' lang='grc' dir='ltr'><strong><em>οημρ.</em></strong></span> 
     </span>
     <span class='ocr_line' id='line_1_3' title="bbox 100 517 1294 694; baseline -0.015 -18"><span class='ocrx_word' id='word_1_12' title='bbox 100 539 185 675; x_wconf 63' lang='lat' dir='ltr'>it</span> <span class='ocrx_word' id='word_1_13' title='bbox 199 517 1208 694; x_wconf 52' lang='lat' dir='ltr'>*oculissime</span> <span class='ocrx_word' id='word_1_14' title='bbox 1291 653 1294 658; x_wconf 76' lang='grc'><strong>,</strong></span> 
     </span>
    </p>
   </div>
   <div class='ocr_carea' id='block_1_3' title="bbox 100 626 1208 788">
    <p class='ocr_par' dir='ltr' id='par_1_3' title="bbox 100 626 1208 788">
     <span class='ocr_line' id='line_1_4' title="bbox 100 626 1208 788; baseline 0.008 -39"><span class='ocrx_word' id='word_1_15' title='bbox 100 709 179 750; x_wconf 85' lang='lat' dir='ltr'>nere</span> <span class='ocrx_word' id='word_1_16' title='bbox 200 626 380 752; x_wconf 77' lang='lat' dir='ltr'>declarabat</span> <span class='ocrx_word' id='word_1_17' title='bbox 398 686 586 765; x_wconf 87' lang='lat' dir='ltr'>testimonio,</span> <span class='ocrx_word' id='word_1_18' title='bbox 602 711 667 788; x_wconf 84' lang='lat' dir='ltr'>quo</span> <span class='ocrx_word' id='word_1_19' title='bbox 681 711 758 776; x_wconf 81' lang='lat' dir='ltr'>erga</span> <span class='ocrx_word' id='word_1_20' title='bbox 770 689 998 779; x_wconf 85' lang='lat' dir='ltr'>Therippidem</span> <span class='ocrx_word' id='word_1_21' title='bbox 1016 692 1086 780; x_wconf 90' lang='lat' dir='ltr'>(qui</span> <span class='ocrx_word' id='word_1_22' title='bbox 1104 692 1137 758; x_wconf 93' lang='lat' dir='ltr'>id</span> <span class='ocrx_word' id='word_1_23' title='bbox 1151 717 1208 782; x_wconf 87' lang='lat' dir='ltr'>po-</span> 
     </span>
    </p>
   </div>
   <div class='ocr_carea' id='block_1_4' title="bbox 88 772 1209 2507">
    <p class='ocr_par' dir='ltr' id='par_1_4' title="bbox 88 772 1209 2507">
     <span class='ocr_line' id='line_1_5' title="bbox 100 772 1209 864; baseline 0.008 -28"><span class='ocrx_word' id='word_1_24' title='bbox 100 772 285 851; x_wconf 83' lang='lat' dir='ltr'>stulaverat,</span> <span class='ocrx_word' id='word_1_25' title='bbox 300 787 332 836; x_wconf 88' lang='lat' dir='ltr'>et</span> <span class='ocrx_word' id='word_1_26' title='bbox 346 795 411 860; x_wconf 91' lang='lat' dir='ltr'>quo</span> <span class='ocrx_word' id='word_1_27' title='bbox 425 772 452 837; x_wconf 86' lang='lat' dir='ltr'>is</span> <span class='ocrx_word' id='word_1_28' title='bbox 465 772 544 839; x_wconf 92' lang='lat' dir='ltr'>illud</span> <span class='ocrx_word' id='word_1_29' title='bbox 564 775 775 840; x_wconf 87' lang='lat' dir='ltr'>testimonium</span> <span class='ocrx_word' id='word_1_30' title='bbox 794 799 891 864; x_wconf 83' lang='lat' dir='ltr'>penes</span> <span class='ocrx_word' id='word_1_31' title='bbox 909 801 942 842; x_wconf 82' lang='lat' dir='ltr'>se</span> <span class='ocrx_word' id='word_1_32' title='bbox 960 782 1112 864; x_wconf 87' lang='lat' dir='ltr'>servaret)</span> <span class='ocrx_word' id='word_1_33' title='bbox 1127 779 1209 846; x_wconf 76' lang='lat' dir='ltr'>fate·</span> 
     </span>
     <span class='ocr_line' id='line_1_6' title="bbox 100 858 1208 949; baseline 0.007 -25"><span class='ocrx_word' id='word_1_34' title='bbox 100 858 198 924; x_wconf 85' lang='lat' dir='ltr'>batur</span> <span class='ocrx_word' id='word_1_35' title='bbox 221 858 282 924; x_wconf 76' lang='lat' dir='ltr'>ists</span> <span class='ocrx_word' id='word_1_36' title='bbox 304 859 387 926; x_wconf 86' lang='lat' dir='ltr'>bona</span> <span class='ocrx_word' id='word_1_37' title='bbox 409 881 504 947; x_wconf 87' lang='lat' dir='ltr'>penes</span> <span class='ocrx_word' id='word_1_38' title='bbox 527 883 560 924; x_wconf 90' lang='lat' dir='ltr'>se</span> <span class='ocrx_word' id='word_1_39' title='bbox 582 885 659 940; x_wconf 87' lang='lat' dir='ltr'>esse,</span> <span class='ocrx_word' id='word_1_40' title='bbox 680 861 778 949; x_wconf 87' lang='lat' dir='ltr'>idque</span> <span class='ocrx_word' id='word_1_41' title='bbox 801 862 1012 928; x_wconf 84' lang='lat' dir='ltr'>testimoninm</span> <span class='ocrx_word' id='word_1_42' title='bbox 1034 866 1166 931; x_wconf 80' lang='lat' dir='ltr'>curabat</span> <span class='ocrx_word' id='word_1_43' title='bbox 1187 890 1208 932; x_wconf 84' lang='grc' dir='ltr'><strong><em>α</em></strong></span> 
     </span>
     <span class='ocr_line' id='line_1_7' title="bbox 100 943 1208 1036; baseline 0.008 -27"><span class='ocrx_word' id='word_1_44' title='bbox 100 943 205 1018; x_wconf 80' lang='lat' dir='ltr'>scriba</span> <span class='ocrx_word' id='word_1_45' title='bbox 220 945 347 1032; x_wconf 92' lang='lat' dir='ltr'>publico</span> <span class='ocrx_word' id='word_1_46' title='bbox 359 945 399 1010; x_wconf 82' lang='lat' dir='ltr'>ad</span> <span class='ocrx_word' id='word_1_47' title='bbox 415 959 484 1010; x_wconf 80' lang='lat' dir='ltr'>acta</span> <span class='ocrx_word' id='word_1_48' title='bbox 498 947 606 1012; x_wconf 80' lang='lat' dir='ltr'>referri</span> <span class='ocrx_word' id='word_1_49' title='bbox 622 947 696 1030; x_wconf 90' lang='lat'>817,</span> <span class='ocrx_word' id='word_1_50' title='bbox 711 970 782 1036; x_wconf 89' lang='lat' dir='ltr'>pen.</span> <span class='ocrx_word' id='word_1_51' title='bbox 827 963 860 1015; x_wconf 89' lang='lat' dir='ltr'>et</span> <span class='ocrx_word' id='word_1_52' title='bbox 873 950 907 1014; x_wconf 93' lang='lat' dir='ltr'>in</span> <span class='ocrx_word' id='word_1_53' title='bbox 920 951 1022 1016; x_wconf 84' lang='lat' dir='ltr'>activo</span> <span class='ocrx_word' id='word_1_54' title='bbox 1042 955 1123 1027; x_wconf 74' lang='grc' dir='ltr'><strong><em>αὐτὸς</em></strong></span> <span class='ocrx_word' id='word_1_55' title='bbox 1143 961 1208 1018; x_wconf 77' lang='lat' dir='ltr'>ian-</span> 
     </span>
     <span class='ocr_line' id='line_1_8' title="bbox 99 1029 1206 1122; baseline 0.005 -26"><span class='ocrx_word' id='word_1_56' title='bbox 99 1033 148 1096; x_wconf 84' lang='grc' dir='ltr'>πδε</span> <span class='ocrx_word' id='word_1_57' title='bbox 164 1029 241 1117; x_wconf 66' lang='grc' dir='ltr'><strong><em>ἔχειν</em></strong></span> <span class='ocrx_word' id='word_1_58' title='bbox 254 1035 303 1110; x_wconf 73' lang='grc' dir='ltr'>τὴν</span> <span class='ocrx_word' id='word_1_59' title='bbox 316 1035 418 1118; x_wconf 81' lang='grc' dir='ltr'><strong><em>προῖκα</em></strong></span> <span class='ocrx_word' id='word_1_60' title='bbox 431 1033 603 1118; x_wconf 72' lang='grc' dir='ltr'><em>ἀπογράψας</em></span> <span class='ocrx_word' id='word_1_61' title='bbox 617 1057 639 1094; x_wconf 90' lang='grc' dir='ltr'><strong><em>π</em></strong></span> <span class='ocrx_word' id='word_1_62' title='bbox 655 1035 683 1108; x_wconf 84' lang='grc' dir='ltr'>δς</span> <span class='ocrx_word' id='word_1_63' title='bbox 697 1037 759 1109; x_wconf 80' lang='grc' dir='ltr'><strong><em>τοὺς</em></strong></span> <span class='ocrx_word' id='word_1_64' title='bbox 769 1038 975 1122; x_wconf 76' lang='grc' dir='ltr'><strong><em>συνεπιτρόπους</em></strong></span> <span class='ocrx_word' id='word_1_65' title='bbox 989 1037 1065 1115; x_wconf 82' lang='grc'><strong>818,</strong></span> <span class='ocrx_word' id='word_1_66' title='bbox 1080 1057 1129 1122; x_wconf 88' lang='lat'>19.</span> <span class='ocrx_word' id='word_1_67' title='bbox 1156 1043 1206 1118; x_wconf 68' lang='grc' dir='ltr'>τὴν</span> 
     </span>
     <span class='ocr_line' id='line_1_9' title="bbox 99 1057 1207 1208; baseline 0.007 -28"><span class='ocrx_word' id='word_1_68' title='bbox 99 1121 206 1204; x_wconf 78' lang='grc' dir='ltr'><strong><em>προῖκα</em></strong></span> <span class='ocrx_word' id='word_1_69' title='bbox 222 1121 320 1196; x_wconf 79' lang='grc' dir='ltr'><strong>λαβεῖν</strong></span> <span class='ocrx_word' id='word_1_70' title='bbox 335 1119 551 1204; x_wconf 76' lang='grc' dir='ltr'>ὁμολογήσαντα</span> <span class='ocrx_word' id='word_1_71' title='bbox 565 1118 615 1182; x_wconf 84' lang='grc' dir='ltr'><strong><em>καί</em></strong></span> <span class='ocrx_word' id='word_1_72' title='bbox 629 1057 704 1204; x_wconf 47' lang='lat' dir='ltr'>{ctu</span> <span class='ocrx_word' id='word_1_73' title='bbox 719 1123 803 1184; x_wconf 80' lang='grc' dir='ltr'><strong><em>αάσδο</em></strong></span> <span class='ocrx_word' id='word_1_74' title='bbox 815 1122 882 1205; x_wconf 76' lang='grc' dir='ltr'><strong><em>πρὸς</em></strong></span> <span class='ocrx_word' id='word_1_75' title='bbox 896 1125 959 1196; x_wconf 80' lang='grc' dir='ltr'><strong><em>τοὺς</em></strong></span> <span class='ocrx_word' id='word_1_76' title='bbox 969 1123 1126 1208; x_wconf 77' lang='grc' dir='ltr'><strong><em>ίπιτράποος</em></strong></span> <span class='ocrx_word' id='word_1_77' title='bbox 1136 1129 1207 1188; x_wconf 82' lang='grc' dir='ltr'><strong><em>ἀπο-</em></strong></span> 
     </span>
     <span class='ocr_line' id='line_1_10' title="bbox 100 1203 1206 1290; baseline 0.009 -25"><span class='ocrx_word' id='word_1_78' title='bbox 100 1203 262 1288; x_wconf 68' lang='grc' dir='ltr'><strong><em>γράψαντα</em></strong></span> <span class='ocrx_word' id='word_1_79' title='bbox 273 1205 348 1283; x_wconf 87' lang='lat'>828,</span> <span class='ocrx_word' id='word_1_80' title='bbox 362 1223 413 1290; x_wconf 82' lang='lat'>15.</span> <span class='ocrx_word' id='word_1_81' title='bbox 436 1204 562 1269; x_wconf 87' lang='lat' dir='ltr'>videtur</span> <span class='ocrx_word' id='word_1_82' title='bbox 577 1203 636 1270; x_wconf 94' lang='lat' dir='ltr'>hoc</span> <span class='ocrx_word' id='word_1_83' title='bbox 650 1205 816 1271; x_wconf 81' lang='lat' dir='ltr'>discrimen</span> <span class='ocrx_word' id='word_1_84' title='bbox 830 1207 988 1286; x_wconf 85' lang='lat' dir='ltr'>interesse,</span> <span class='ocrx_word' id='word_1_85' title='bbox 1004 1225 1041 1273; x_wconf 91' lang='lat' dir='ltr'>ut</span> <span class='ocrx_word' id='word_1_86' title='bbox 1054 1209 1088 1273; x_wconf 92' lang='lat' dir='ltr'>in</span> <span class='ocrx_word' id='word_1_87' title='bbox 1101 1210 1206 1276; x_wconf 80' lang='lat' dir='ltr'>activo</span> 
     </span>
     <span class='ocr_line' id='line_1_11' title="bbox 101 1287 1204 1389; baseline 0.006 -36"><span class='ocrx_word' id='word_1_88' title='bbox 101 1311 176 1353; x_wconf 90' lang='lat' dir='ltr'>cum</span> <span class='ocrx_word' id='word_1_89' title='bbox 191 1287 265 1376; x_wconf 87' lang='lat' dir='ltr'>quis</span> <span class='ocrx_word' id='word_1_90' title='bbox 279 1288 396 1354; x_wconf 92' lang='lat' dir='ltr'>dicitur</span> <span class='ocrx_word' id='word_1_91' title='bbox 409 1291 590 1389; x_wconf 78' lang='grc' dir='ltr'><strong><em>ἀπογράψαι,</em></strong></span> <span class='ocrx_word' id='word_1_92' title='bbox 606 1291 799 1378; x_wconf 86' lang='lat' dir='ltr'>significetur</span> <span class='ocrx_word' id='word_1_93' title='bbox 819 1291 831 1355; x_wconf 94' lang='lat' dir='ltr'>i</span> <span class='ocrx_word' id='word_1_94' title='bbox 908 1317 967 1359; x_wconf 80' lang='lat' dir='ltr'>sun</span> <span class='ocrx_word' id='word_1_95' title='bbox 986 1317 1083 1359; x_wconf 81' lang='lat' dir='ltr'>msnu</span> <span class='ocrx_word' id='word_1_96' title='bbox 1105 1296 1204 1386; x_wconf 87' lang='lat' dir='ltr'>scrip-</span> 
     </span>
     <span class='ocr_line' id='line_1_12' title="bbox 101 1317 1206 1469; baseline 0.006 -29"><span class='ocrx_word' id='word_1_97' title='bbox 101 1375 190 1453; x_wconf 85' lang='lat' dir='ltr'>sisse,</span> <span class='ocrx_word' id='word_1_98' title='bbox 205 1397 278 1440; x_wconf 92' lang='lat' dir='ltr'>cum</span> <span class='ocrx_word' id='word_1_99' title='bbox 293 1375 324 1440; x_wconf 93' lang='lat' dir='ltr'>in</span> <span class='ocrx_word' id='word_1_100' title='bbox 341 1375 455 1453; x_wconf 87' lang='lat' dir='ltr'>medio,</span> <span class='ocrx_word' id='word_1_101' title='bbox 471 1399 495 1440; x_wconf 87' lang='lat' dir='ltr'>si</span> <span class='ocrx_word' id='word_1_102' title='bbox 541 1376 673 1456; x_wconf 84' lang='lat' dir='ltr'>ilicetur,</span> <span class='ocrx_word' id='word_1_103' title='bbox 688 1377 722 1442; x_wconf 91' lang='lat' dir='ltr'>id</span> <span class='ocrx_word' id='word_1_104' title='bbox 737 1401 809 1443; x_wconf 89' lang='lat' dir='ltr'>eum</span> <span class='ocrx_word' id='word_1_105' title='bbox 824 1317 892 1444; x_wconf 63' lang='lat' dir='ltr'>delii</span> <span class='ocrx_word' id='word_1_106' title='bbox 905 1403 1030 1444; x_wconf 82' lang='lat' dir='ltr'>curasse</span> <span class='ocrx_word' id='word_1_107' title='bbox 1043 1403 1102 1469; x_wconf 89' lang='lat' dir='ltr'>per</span> <span class='ocrx_word' id='word_1_108' title='bbox 1114 1381 1206 1448; x_wconf 87' lang='lat' dir='ltr'>tabu-</span> 
     </span>
     <span class='ocr_line' id='line_1_13' title="bbox 101 1460 1205 1551; baseline 0.008 -27"><span class='ocrx_word' id='word_1_109' title='bbox 101 1460 228 1526; x_wconf 78' lang='lat' dir='ltr'><strong>larium.</strong></span> <span class='ocrx_word' id='word_1_110' title='bbox 256 1467 269 1524; x_wconf 80' lang='lat' dir='ltr'>i</span> <span class='ocrx_word' id='word_1_111' title='bbox 284 1464 311 1526; x_wconf 70' lang='lat' dir='ltr'>bl</span> <span class='ocrx_word' id='word_1_112' title='bbox 326 1463 373 1528; x_wconf 81' lang='grc' dir='ltr'><strong><em>καί</em></strong></span> <span class='ocrx_word' id='word_1_113' title='bbox 385 1463 601 1550; x_wconf 72' lang='grc' dir='ltr'><strong><em>προσοφείλοντά</em></strong></span> <span class='ocrx_word' id='word_1_114' title='bbox 616 1489 654 1546; x_wconf 84' lang='grc' dir='ltr'>με</span> <span class='ocrx_word' id='word_1_115' title='bbox 667 1463 820 1548; x_wconf 64' lang='grc' dir='ltr'><strong><em>ἀπέγραψε</em></strong></span> <span class='ocrx_word' id='word_1_116' title='bbox 830 1465 863 1529; x_wconf 85' lang='lat' dir='ltr'>iii</span> <span class='ocrx_word' id='word_1_117' title='bbox 878 1467 1013 1531; x_wconf 69' lang='lat' dir='ltr'>rabones</span> <span class='ocrx_word' id='word_1_118' title='bbox 1027 1483 1124 1551; x_wconf 72' lang='lat' dir='ltr'>gestie</span> <span class='ocrx_word' id='word_1_119' title='bbox 1138 1491 1158 1533; x_wconf 78' lang='lat' dir='ltr'>a</span> <span class='ocrx_word' id='word_1_120' title='bbox 1171 1491 1205 1533; x_wconf 77' lang='lat' dir='ltr'>ss</span> 
     </span>
     <span class='ocr_line' id='line_1_14' title="bbox 102 1547 1205 1636; baseline 0.006 -25"><span class='ocrx_word' id='word_1_121' title='bbox 102 1547 213 1612; x_wconf 82' lang='lat' dir='ltr'>tuteloe</span> <span class='ocrx_word' id='word_1_122' title='bbox 233 1549 294 1612; x_wconf 92' lang='lat' dir='ltr'>mei</span> <span class='ocrx_word' id='word_1_123' title='bbox 315 1570 520 1636; x_wconf 89' lang='lat' dir='ltr'>meorumque</span> <span class='ocrx_word' id='word_1_124' title='bbox 534 1549 689 1614; x_wconf 88' lang='lat' dir='ltr'>bonorum</span> <span class='ocrx_word' id='word_1_125' title='bbox 706 1550 815 1616; x_wconf 88' lang='lat' dir='ltr'>retulit</span> <span class='ocrx_word' id='word_1_126' title='bbox 833 1574 947 1616; x_wconf 90' lang='lat' dir='ltr'>nomen</span> <span class='ocrx_word' id='word_1_127' title='bbox 962 1575 1078 1632; x_wconf 90' lang='lat' dir='ltr'>meum,</span> <span class='ocrx_word' id='word_1_128' title='bbox 1094 1569 1132 1618; x_wconf 90' lang='lat' dir='ltr'>nt</span> <span class='ocrx_word' id='word_1_129' title='bbox 1145 1554 1205 1620; x_wconf 84' lang='lat' dir='ltr'>sibi</span> 
     </span>
     <span class='ocr_line' id='line_1_15' title="bbox 101 1633 1203 1721; baseline 0.005 -23"><span class='ocrx_word' id='word_1_130' title='bbox 101 1633 248 1699; x_wconf 80' lang='lat' dir='ltr'>debentis</span> <span class='ocrx_word' id='word_1_131' title='bbox 268 1636 286 1698; x_wconf 85' lang='grc'><strong>8</strong></span> <span class='ocrx_word' id='word_1_132' title='bbox 312 1653 408 1716; x_wconf 80' lang='lat'>2,14</span> <span class='ocrx_word' id='word_1_133' title='bbox 453 1642 501 1710; x_wconf 79' lang='grc' dir='ltr'>τῆς</span> <span class='ocrx_word' id='word_1_134' title='bbox 523 1634 617 1711; x_wconf 75' lang='grc' dir='ltr'><strong><em>οὐσίας</em></strong></span> <span class='ocrx_word' id='word_1_135' title='bbox 637 1637 846 1721; x_wconf 65' lang='grc' dir='ltr'>ἀπογραφείσης</span> <span class='ocrx_word' id='word_1_136' title='bbox 865 1639 914 1701; x_wconf 84' lang='grc' dir='ltr'><strong><em>καί</em></strong></span> <span class='ocrx_word' id='word_1_137' title='bbox 933 1638 1116 1719; x_wconf 74' lang='grc' dir='ltr'><strong><em>δημευθείσης.</em></strong></span> <span class='ocrx_word' id='word_1_138' title='bbox 1130 1663 1203 1708; x_wconf 86' lang='lat' dir='ltr'>cum</span> 
     </span>
     <span class='ocr_line' id='line_1_16' title="bbox 102 1655 1206 1809; baseline 0.005 -25"><span class='ocrx_word' id='word_1_139' title='bbox 102 1719 205 1784; x_wconf 86' lang='lat' dir='ltr'>scriba</span> <span class='ocrx_word' id='word_1_140' title='bbox 218 1655 365 1807; x_wconf 73' lang='lat' dir='ltr'>publicus</span> <span class='ocrx_word' id='word_1_141' title='bbox 379 1721 512 1786; x_wconf 89' lang='lat' dir='ltr'>indicem</span> <span class='ocrx_word' id='word_1_142' title='bbox 528 1722 682 1786; x_wconf 91' lang='lat' dir='ltr'>bonorum</span> <span class='ocrx_word' id='word_1_143' title='bbox 700 1723 768 1809; x_wconf 82' lang='lat' dir='ltr'>ejus</span> <span class='ocrx_word' id='word_1_144' title='bbox 785 1723 967 1788; x_wconf 73' lang='lat' dir='ltr'><strong>confecisset</strong></span> <span class='ocrx_word' id='word_1_145' title='bbox 979 1725 1084 1806; x_wconf 81' lang='lat' dir='ltr'>(made</span> <span class='ocrx_word' id='word_1_146' title='bbox 1097 1748 1141 1790; x_wconf 81' lang='grc' dir='ltr'>σοι</span> <span class='ocrx_word' id='word_1_147' title='bbox 1155 1729 1206 1790; x_wconf 78' lang='lat' dir='ltr'>iri-</span> 
     </span>
     <span class='ocr_line' id='line_1_17' title="bbox 102 1806 1206 1897; baseline 0.005 -27"><span class='ocrx_word' id='word_1_148' title='bbox 102 1815 238 1892; x_wconf 68' lang='lat' dir='ltr'>venioy</span> <span class='ocrx_word' id='word_1_149' title='bbox 246 1809 303 1892; x_wconf 62' lang='lat' dir='ltr'>eff)</span> <span class='ocrx_word' id='word_1_150' title='bbox 315 1807 410 1894; x_wconf 79' lang='lat' dir='ltr'>atque</span> <span class='ocrx_word' id='word_1_151' title='bbox 419 1807 451 1872; x_wconf 92' lang='lat' dir='ltr'>in</span> <span class='ocrx_word' id='word_1_152' title='bbox 462 1806 585 1872; x_wconf 85' lang='lat' dir='ltr'>tabulas</span> <span class='ocrx_word' id='word_1_153' title='bbox 593 1806 760 1888; x_wconf 82' lang='lat' dir='ltr'><strong>retulisset,</strong></span> <span class='ocrx_word' id='word_1_154' title='bbox 772 1833 873 1897; x_wconf 90' lang='lat' dir='ltr'>eoque</span> <span class='ocrx_word' id='word_1_155' title='bbox 882 1810 967 1874; x_wconf 80' lang='lat' dir='ltr'>sacto</span> <span class='ocrx_word' id='word_1_156' title='bbox 976 1810 1031 1874; x_wconf 83' lang='lat' dir='ltr'>illa</span> <span class='ocrx_word' id='word_1_157' title='bbox 1040 1811 1125 1876; x_wconf 81' lang='lat' dir='ltr'>bona</span> <span class='ocrx_word' id='word_1_158' title='bbox 1133 1811 1206 1876; x_wconf 84' lang='lat' dir='ltr'>coii-</span> 
     </span>
     <span class='ocr_line' id='line_1_18' title="bbox 88 1892 1205 1995; baseline 0.004 -39"><span class='ocrx_word' id='word_1_159' title='bbox 88 1892 222 1972; x_wconf 63' lang='grc' dir='ltr'><strong><em>Ἐσσαῖοι,</em></strong></span> <span class='ocrx_word' id='word_1_160' title='bbox 234 1907 266 1957; x_wconf 90' lang='lat' dir='ltr'>et</span> <span class='ocrx_word' id='word_1_161' title='bbox 276 1892 318 1957; x_wconf 78' lang='lat' dir='ltr'>ed</span> <span class='ocrx_word' id='word_1_162' title='bbox 328 1893 493 1958; x_wconf 80' lang='lat' dir='ltr'>sectionem</span> <span class='ocrx_word' id='word_1_163' title='bbox 506 1893 679 1981; x_wconf 80' lang='lat' dir='ltr'>proscripta</span> <span class='ocrx_word' id='word_1_164' title='bbox 686 1893 820 1960; x_wconf 84' lang='lat' dir='ltr'>fuissent</span> <span class='ocrx_word' id='word_1_165' title='bbox 834 1915 890 1960; x_wconf 84' lang='lat' dir='ltr'>ior</span> <span class='ocrx_word' id='word_1_166' title='bbox 893 1915 927 1995; x_wconf 70' lang='lat'>5,</span> <span class='ocrx_word' id='word_1_167' title='bbox 939 1915 972 1993; x_wconf 69' lang='lat' dir='ltr'>p.</span> <span class='ocrx_word' id='word_1_168' title='bbox 993 1899 1205 1984; x_wconf 66' lang='grc' dir='ltr'>ἀπεγραψάμην</span> 
     </span>
     <span class='ocr_line' id='line_1_19' title="bbox 102 1980 1205 2071; baseline 0.006 -29"><span class='ocrx_word' id='word_1_169' title='bbox 102 1982 168 2064; x_wconf 81' lang='grc' dir='ltr'><strong><em>πρδς</em></strong></span> <span class='ocrx_word' id='word_1_170' title='bbox 182 1981 246 2054; x_wconf 78' lang='grc' dir='ltr'><strong><em>ποὺς</em></strong></span> <span class='ocrx_word' id='word_1_171' title='bbox 260 2003 296 2044; x_wconf 91' lang='grc' dir='ltr'><strong><em>στ</em></strong></span> <span class='ocrx_word' id='word_1_172' title='bbox 313 1981 435 2063; x_wconf 77' lang='grc' dir='ltr'><strong><em>σιτηγοὺς</em></strong></span> <span class='ocrx_word' id='word_1_173' title='bbox 447 1980 550 2056; x_wconf 72' lang='grc' dir='ltr'><strong><em>ταύτην</em></strong></span> <span class='ocrx_word' id='word_1_174' title='bbox 564 1983 612 2058; x_wconf 75' lang='grc' dir='ltr'>τὴν</span> <span class='ocrx_word' id='word_1_175' title='bbox 627 1983 802 2066; x_wconf 75' lang='grc' dir='ltr'><strong><em>ἀπογραφήν.</em></strong></span> <span class='ocrx_word' id='word_1_176' title='bbox 834 1981 963 2047; x_wconf 76' lang='lat' dir='ltr'>exhibui</span> <span class='ocrx_word' id='word_1_177' title='bbox 978 1983 1133 2071; x_wconf 72' lang='lat' dir='ltr'>strategis,</span> <span class='ocrx_word' id='word_1_178' title='bbox 1149 1999 1205 2050; x_wconf 77' lang='lat' dir='ltr'>aut</span> 
     </span>
     <span class='ocr_line' id='line_1_20' title="bbox 102 2007 1204 2148; baseline 0.005 -19"><span class='ocrx_word' id='word_1_179' title='bbox 102 2087 214 2130; x_wconf 86' lang='lat' dir='ltr'>eorum</span> <span class='ocrx_word' id='word_1_180' title='bbox 228 2007 399 2145; x_wconf 82' lang='lat' dir='ltr'>tabellario,</span> <span class='ocrx_word' id='word_1_181' title='bbox 409 2066 450 2130; x_wconf 87' lang='lat' dir='ltr'>ad</span> <span class='ocrx_word' id='word_1_182' title='bbox 461 2065 585 2131; x_wconf 87' lang='lat' dir='ltr'>tabulas</span> <span class='ocrx_word' id='word_1_183' title='bbox 594 2066 793 2130; x_wconf 83' lang='lat' dir='ltr'>referendum</span> <span class='ocrx_word' id='word_1_184' title='bbox 802 2066 934 2132; x_wconf 82' lang='lat' dir='ltr'>indicem</span> <span class='ocrx_word' id='word_1_185' title='bbox 944 2066 1204 2148; x_wconf 89' lang='lat' dir='ltr'>huncbonorum,</span> 
     </span>
     <span class='ocr_line' id='line_1_21' title="bbox 103 2151 1203 2241; baseline 0.003 -25"><span class='ocrx_word' id='word_1_186' title='bbox 103 2174 242 2238; x_wconf 88' lang='lat' dir='ltr'>quorum</span> <span class='ocrx_word' id='word_1_187' title='bbox 257 2151 448 2240; x_wconf 84' lang='lat' dir='ltr'>possessione</span> <span class='ocrx_word' id='word_1_188' title='bbox 463 2151 659 2240; x_wconf 85' lang='lat' dir='ltr'>Phoenippus</span> <span class='ocrx_word' id='word_1_189' title='bbox 672 2175 722 2216; x_wconf 91' lang='lat' dir='ltr'>me</span> <span class='ocrx_word' id='word_1_190' title='bbox 737 2177 794 2241; x_wconf 89' lang='lat' dir='ltr'>per</span> <span class='ocrx_word' id='word_1_191' title='bbox 808 2153 981 2218; x_wconf 87' lang='lat' dir='ltr'>ludibrium</span> <span class='ocrx_word' id='word_1_192' title='bbox 996 2154 1157 2219; x_wconf 84' lang='lat' dir='ltr'>exclusum</span> <span class='ocrx_word' id='word_1_193' title='bbox 1170 2155 1203 2220; x_wconf 85' lang='lat' dir='ltr'>it.</span> 
     </span>
     <span class='ocr_line' id='line_1_22' title="bbox 88 2238 1204 2338; baseline 0.004 -37"><span class='ocrx_word' id='word_1_194' title='bbox 88 2257 205 2324; x_wconf 80' lang='lat'>-1043,</span> <span class='ocrx_word' id='word_1_195' title='bbox 219 2259 293 2338; x_wconf 88' lang='lat' dir='ltr'>pen.</span> <span class='ocrx_word' id='word_1_196' title='bbox 330 2244 411 2302; x_wconf 72' lang='lat' dir='ltr'>roim</span> <span class='ocrx_word' id='word_1_197' title='bbox 423 2239 455 2302; x_wconf 86' lang='grc' dir='ltr'>πδ</span> <span class='ocrx_word' id='word_1_198' title='bbox 471 2238 569 2324; x_wconf 76' lang='grc' dir='ltr'><strong><em>ὄχημα</em></strong></span> <span class='ocrx_word' id='word_1_199' title='bbox 583 2239 768 2326; x_wconf 73' lang='grc' dir='ltr'><strong><em>ἀπογέγραρέ</em></strong></span> <span class='ocrx_word' id='word_1_200' title='bbox 781 2266 839 2321; x_wconf 88' lang='grc' dir='ltr'><strong><em>μοι.</em></strong></span> <span class='ocrx_word' id='word_1_201' title='bbox 883 2240 916 2303; x_wconf 89' lang='lat' dir='ltr'>iii</span> <span class='ocrx_word' id='word_1_202' title='bbox 930 2239 1033 2304; x_wconf 88' lang='lat' dir='ltr'>indice</span> <span class='ocrx_word' id='word_1_203' title='bbox 1050 2241 1204 2306; x_wconf 89' lang='lat' dir='ltr'>bonorum</span> 
     </span>
     <span class='ocr_line' id='line_1_23' title="bbox 102 2323 1204 2404; baseline 0.003 -16"><span class='ocrx_word' id='word_1_204' title='bbox 102 2347 123 2388; x_wconf 92' lang='lat' dir='ltr'>a</span> <span class='ocrx_word' id='word_1_205' title='bbox 138 2347 171 2388; x_wconf 85' lang='lat' dir='ltr'>se</span> <span class='ocrx_word' id='word_1_206' title='bbox 185 2323 263 2388; x_wconf 90' lang='lat' dir='ltr'>mihi</span> <span class='ocrx_word' id='word_1_207' title='bbox 278 2323 466 2394; x_wconf 74' lang='lat' dir='ltr'>traditorum</span> <span class='ocrx_word' id='word_1_208' title='bbox 481 2324 574 2390; x_wconf 89' lang='lat' dir='ltr'>etiam</span> <span class='ocrx_word' id='word_1_209' title='bbox 590 2325 782 2404; x_wconf 85' lang='lat' dir='ltr'>vehiculum,</span> <span class='ocrx_word' id='word_1_210' title='bbox 796 2325 845 2390; x_wconf 83' lang='lat' dir='ltr'>vel</span> <span class='ocrx_word' id='word_1_211' title='bbox 860 2326 1043 2392; x_wconf 77' lang='lat' dir='ltr'>corruebam</span> <span class='ocrx_word' id='word_1_212' title='bbox 1064 2326 1204 2392; x_wconf 87' lang='lat' dir='ltr'>nomina·</span> 
     </span>
     <span class='ocr_line' id='line_1_24' title="bbox 102 2409 1206 2507; baseline 0.005 -35"><span class='ocrx_word' id='word_1_213' title='bbox 102 2409 161 2507; x_wconf 78' lang='lat' dir='ltr'>vit,</span> <span class='ocrx_word' id='word_1_214' title='bbox 176 2410 267 2497; x_wconf 85' lang='lat' dir='ltr'>quasi</span> <span class='ocrx_word' id='word_1_215' title='bbox 281 2433 432 2498; x_wconf 75' lang='lat' dir='ltr'>magnum</span> <span class='ocrx_word' id='word_1_216' title='bbox 446 2423 479 2476; x_wconf 87' lang='lat' dir='ltr'>et</span> <span class='ocrx_word' id='word_1_217' title='bbox 493 2411 607 2476; x_wconf 86' lang='lat' dir='ltr'>summi</span> <span class='ocrx_word' id='word_1_218' title='bbox 621 2411 799 2477; x_wconf 80' lang='lat' dir='ltr'>laciendum</span> <span class='ocrx_word' id='word_1_219' title='bbox 814 2412 934 2481; x_wconf 92' lang='lat' dir='ltr'>bonum</span> <span class='ocrx_word' id='word_1_220' title='bbox 949 2413 993 2477; x_wconf 86' lang='lat' dir='ltr'>sic</span> <span class='ocrx_word' id='word_1_221' title='bbox 1013 2412 1091 2478; x_wconf 90' lang='lat' dir='ltr'>mibi</span> <span class='ocrx_word' id='word_1_222' title='bbox 1111 2413 1206 2477; x_wconf 80' lang='lat' dir='ltr'>tradi-</span> 
     </span>
    </p>
   </div>
   <div class='ocr_carea' id='block_1_5' title="bbox 103 2491 1324 2586">
    <p class='ocr_par' dir='ltr' id='par_1_5' title="bbox 103 2491 1324 2586">
     <span class='ocr_line' id='line_1_25' title="bbox 103 2491 1324 2586; baseline 0.002 -26"><span class='ocrx_word' id='word_1_223' title='bbox 103 2495 384 2581; x_wconf 81' lang='lat' dir='ltr'>disset1046,14.</span> <span class='ocrx_word' id='word_1_224' title='bbox 420 2501 470 2562; x_wconf 79' lang='grc' dir='ltr'><strong><em>οὐκ</em></strong></span> <span class='ocrx_word' id='word_1_225' title='bbox 485 2500 641 2585; x_wconf 74' lang='grc' dir='ltr'><strong><em>ἀπογράφει</em></strong></span> <span class='ocrx_word' id='word_1_226' title='bbox 656 2501 704 2576; x_wconf 76' lang='grc' dir='ltr'>τὴν</span> <span class='ocrx_word' id='word_1_227' title='bbox 718 2503 820 2586; x_wconf 79' lang='grc' dir='ltr'><strong><em>προῖκα</em></strong></span> <span class='ocrx_word' id='word_1_228' title='bbox 836 2499 1013 2586; x_wconf 73' lang='grc' dir='ltr'><strong><em>χοίοςαάπῇ.</em></strong></span> <span class='ocrx_word' id='word_1_229' title='bbox 1055 2491 1089 2563; x_wconf 84' lang='lat' dir='ltr'>iii</span> <span class='ocrx_word' id='word_1_230' title='bbox 1103 2498 1206 2564; x_wconf 85' lang='lat' dir='ltr'>iiidice</span> <span class='ocrx_word' id='word_1_231' title='bbox 1320 2519 1324 2530; x_wconf 93' lang='grc'><em>’</em></span> 
     </span>
    </p>
   </div>
   <div class='ocr_carea' id='block_1_6' title="bbox 99 2582 1206 3360">
    <p class='ocr_par' dir='ltr' id='par_1_6' title="bbox 99 2582 1206 3360">
     <span class='ocr_line' id='line_1_26' title="bbox 99 2582 1206 2652; baseline 0.004 -4"><span class='ocrx_word' id='word_1_232' title='bbox 99 2586 260 2648; x_wconf 85' lang='lat' dir='ltr'>bonorum</span> <span class='ocrx_word' id='word_1_233' title='bbox 275 2607 295 2648; x_wconf 85' lang='lat' dir='ltr'>a</span> <span class='ocrx_word' id='word_1_234' title='bbox 309 2607 341 2648; x_wconf 84' lang='lat' dir='ltr'>se</span> <span class='ocrx_word' id='word_1_235' title='bbox 353 2582 430 2648; x_wconf 91' lang='lat' dir='ltr'>mihi</span> <span class='ocrx_word' id='word_1_236' title='bbox 445 2582 632 2649; x_wconf 84' lang='lat' dir='ltr'>traditorum</span> <span class='ocrx_word' id='word_1_237' title='bbox 652 2607 715 2648; x_wconf 90' lang='lat' dir='ltr'>non</span> <span class='ocrx_word' id='word_1_238' title='bbox 737 2585 991 2649; x_wconf 86' lang='lat' dir='ltr'>commemoravit</span> <span class='ocrx_word' id='word_1_239' title='bbox 1012 2584 1118 2650; x_wconf 88' lang='lat' dir='ltr'>dotem</span> <span class='ocrx_word' id='word_1_240' title='bbox 1140 2607 1206 2652; x_wconf 81' lang='lat' dir='ltr'>ma-</span> 
     </span>
     <span class='ocr_line' id='line_1_27' title="bbox 103 2667 1206 2758; baseline 0.004 -26"><span class='ocrx_word' id='word_1_241' title='bbox 103 2667 172 2749; x_wconf 86' lang='lat' dir='ltr'>tris,</span> <span class='ocrx_word' id='word_1_242' title='bbox 188 2683 226 2734; x_wconf 94' lang='lat' dir='ltr'>ut</span> <span class='ocrx_word' id='word_1_243' title='bbox 239 2669 344 2734; x_wconf 79' lang='lat' dir='ltr'>adhuc</span> <span class='ocrx_word' id='word_1_244' title='bbox 359 2693 379 2734; x_wconf 86' lang='lat' dir='ltr'>a</span> <span class='ocrx_word' id='word_1_245' title='bbox 393 2693 425 2734; x_wconf 88' lang='lat' dir='ltr'>se</span> <span class='ocrx_word' id='word_1_246' title='bbox 439 2670 530 2734; x_wconf 86' lang='lat' dir='ltr'>matri</span> <span class='ocrx_word' id='word_1_247' title='bbox 545 2669 694 2748; x_wconf 82' lang='lat' dir='ltr'>debitam,</span> <span class='ocrx_word' id='word_1_248' title='bbox 709 2692 847 2758; x_wconf 79' lang='lat' dir='ltr'>proque</span> <span class='ocrx_word' id='word_1_249' title='bbox 860 2693 934 2758; x_wconf 85' lang='lat' dir='ltr'>pars</span> <span class='ocrx_word' id='word_1_250' title='bbox 949 2671 1103 2735; x_wconf 89' lang='lat' dir='ltr'>bonorum</span> <span class='ocrx_word' id='word_1_251' title='bbox 1116 2670 1144 2736; x_wconf 91' lang='lat' dir='ltr'>ei</span> <span class='ocrx_word' id='word_1_252' title='bbox 1159 2691 1206 2736; x_wconf 86' lang='lat' dir='ltr'>es·-</span> 
     </span>
     <span class='ocr_line' id='line_1_28' title="bbox 104 2755 1205 2844; baseline 0.001 -24"><span class='ocrx_word' id='word_1_253' title='bbox 104 2769 152 2820; x_wconf 84' lang='lat' dir='ltr'>set</span> <span class='ocrx_word' id='word_1_254' title='bbox 166 2755 373 2844; x_wconf 78' lang='lat' dir='ltr'>oppigneratis</span> <span class='ocrx_word' id='word_1_255' title='bbox 385 2772 479 2839; x_wconf 88' lang='lat'>1047,</span> <span class='ocrx_word' id='word_1_256' title='bbox 498 2775 548 2820; x_wconf 92' lang='lat'>11.</span> <span class='ocrx_word' id='word_1_257' title='bbox 593 2756 630 2831; x_wconf 89' lang='grc' dir='ltr'><strong><em>οίς</em></strong></span> <span class='ocrx_word' id='word_1_258' title='bbox 644 2756 721 2831; x_wconf 77' lang='grc' dir='ltr'><strong><em>οὗτος</em></strong></span> <span class='ocrx_word' id='word_1_259' title='bbox 734 2756 933 2843; x_wconf 69' lang='grc' dir='ltr'><strong><em>ἀπογέγραφεν</em></strong></span> <span class='ocrx_word' id='word_1_260' title='bbox 946 2755 1041 2820; x_wconf 73' lang='grc' dir='ltr'><strong><em>ἑαυπδι</em></strong></span> <span class='ocrx_word' id='word_1_261' title='bbox 1061 2756 1205 2836; x_wconf 74' lang='grc' dir='ltr'><strong><em>ὀφείλοντα</em></strong></span> 
     </span>
     <span class='ocr_line' id='line_1_29' title="bbox 106 2840 1206 2940; baseline 0 -34"><span class='ocrx_word' id='word_1_262' title='bbox 106 2842 204 2924; x_wconf 89' lang='lat'>1048,</span> <span class='ocrx_word' id='word_1_263' title='bbox 218 2861 250 2926; x_wconf 84' lang='lat'>5.</span> <span class='ocrx_word' id='word_1_264' title='bbox 295 2843 490 2930; x_wconf 84' lang='grc' dir='ltr'><strong><em>ἀπογράρεπαι</em></strong></span> <span class='ocrx_word' id='word_1_265' title='bbox 505 2849 601 2906; x_wconf 81' lang='grc' dir='ltr'><strong><em>τοῦτον</em></strong></span> <span class='ocrx_word' id='word_1_266' title='bbox 619 2849 652 2928; x_wconf 75' lang='grc' dir='ltr'>τῇ</span> <span class='ocrx_word' id='word_1_267' title='bbox 676 2842 861 2929; x_wconf 72' lang='grc' dir='ltr'>διαμαρτυρίᾳ</span> <span class='ocrx_word' id='word_1_268' title='bbox 881 2845 947 2927; x_wconf 79' lang='grc' dir='ltr'><strong><em>πρὸς</em></strong></span> <span class='ocrx_word' id='word_1_269' title='bbox 968 2848 1009 2928; x_wconf 66' lang='grc' dir='ltr'>τῷ</span> <span class='ocrx_word' id='word_1_270' title='bbox 1030 2840 1147 2940; x_wconf 78' lang='grc' dir='ltr'><strong><em>ἀρχονπι</em></strong></span> <span class='ocrx_word' id='word_1_271' title='bbox 1169 2847 1206 2932; x_wconf 73' lang='grc' dir='ltr'>ἀς</span> 
     </span>
     <span class='ocr_line' id='line_1_30' title="bbox 103 2925 1204 3017; baseline 0.001 -25"><span class='ocrx_word' id='word_1_272' title='bbox 103 2930 159 2992; x_wconf 73' lang='lat' dir='ltr'>ulls</span> <span class='ocrx_word' id='word_1_273' title='bbox 173 2927 240 2994; x_wconf 74' lang='grc' dir='ltr'><strong><em>ὄντα</em></strong></span> <span class='ocrx_word' id='word_1_274' title='bbox 253 2925 285 2992; x_wconf 93' lang='lat' dir='ltr'>in</span> <span class='ocrx_word' id='word_1_275' title='bbox 301 2927 513 3017; x_wconf 84' lang='lat' dir='ltr'>diamartyria,</span> <span class='ocrx_word' id='word_1_276' title='bbox 529 2951 584 2992; x_wconf 86' lang='lat' dir='ltr'>seu</span> <span class='ocrx_word' id='word_1_277' title='bbox 598 2927 820 3016; x_wconf 76' lang='lat' dir='ltr'>protestatione</span> <span class='ocrx_word' id='word_1_278' title='bbox 838 2950 896 2992; x_wconf 84' lang='lat' dir='ltr'>sus</span> <span class='ocrx_word' id='word_1_279' title='bbox 914 2941 1102 3015; x_wconf 83' lang='lat' dir='ltr'>exceptoria,</span> <span class='ocrx_word' id='word_1_280' title='bbox 1117 2928 1204 3014; x_wconf 79' lang='lat' dir='ltr'>apud</span> 
     </span>
     <span class='ocr_line' id='line_1_31' title="bbox 103 3012 1205 3102; baseline 0.001 -22"><span class='ocrx_word' id='word_1_281' title='bbox 103 3013 287 3080; x_wconf 85' lang='lat' dir='ltr'>archontem</span> <span class='ocrx_word' id='word_1_282' title='bbox 308 3013 457 3092; x_wconf 76' lang='lat' dir='ltr'>exhibite,</span> <span class='ocrx_word' id='word_1_283' title='bbox 486 3014 587 3080; x_wconf 84' lang='lat' dir='ltr'>filium</span> <span class='ocrx_word' id='word_1_284' title='bbox 615 3037 708 3078; x_wconf 87' lang='lat' dir='ltr'>suum</span> <span class='ocrx_word' id='word_1_285' title='bbox 737 3012 919 3102; x_wconf 76' lang='lat' dir='ltr'>appellavit,</span> <span class='ocrx_word' id='word_1_286' title='bbox 942 3037 996 3078; x_wconf 87' lang='lat' dir='ltr'>seu</span> <span class='ocrx_word' id='word_1_287' title='bbox 1019 3014 1162 3078; x_wconf 79' lang='lat' dir='ltr'>annotari</span> <span class='ocrx_word' id='word_1_288' title='bbox 1186 3037 1205 3081; x_wconf 90' lang='lat' dir='ltr'>a</span> 
     </span>
     <span class='ocr_line' id='line_1_32' title="bbox 103 3094 1204 3188; baseline -0.002 -23"><span class='ocrx_word' id='word_1_289' title='bbox 103 3100 206 3166; x_wconf 79' lang='lat' dir='ltr'>scribo</span> <span class='ocrx_word' id='word_1_290' title='bbox 224 3094 344 3166; x_wconf 73' lang='lat' dir='ltr'>curavit</span> <span class='ocrx_word' id='word_1_291' title='bbox 364 3100 464 3166; x_wconf 89' lang='lat' dir='ltr'>filium</span> <span class='ocrx_word' id='word_1_292' title='bbox 487 3123 579 3166; x_wconf 87' lang='lat' dir='ltr'>sunm</span> <span class='ocrx_word' id='word_1_293' title='bbox 602 3123 661 3188; x_wconf 86' lang='lat' dir='ltr'>pro</span> <span class='ocrx_word' id='word_1_294' title='bbox 681 3100 747 3167; x_wconf 84' lang='lat' dir='ltr'>filio</span> <span class='ocrx_word' id='word_1_295' title='bbox 766 3099 935 3164; x_wconf 85' lang='lat' dir='ltr'>Archiadis</span> <span class='ocrx_word' id='word_1_296' title='bbox 959 3119 1102 3186; x_wconf 81' lang='lat'>1093,1.</span> <span class='ocrx_word' id='word_1_297' title='bbox 1146 3102 1204 3164; x_wconf 69' lang='lat' dir='ltr'>tui</span> 
     </span>
     <span class='ocr_line' id='line_1_33' title="bbox 104 3185 1205 3274; baseline -0.002 -22"><span class='ocrx_word' id='word_1_298' title='bbox 104 3187 281 3252; x_wconf 76' lang='grc' dir='ltr'><strong><em>διαδικασίαν</em></strong></span> <span class='ocrx_word' id='word_1_299' title='bbox 305 3188 495 3272; x_wconf 71' lang='grc' dir='ltr'><strong><em>ἀπεγράψατο</em></strong></span> <span class='ocrx_word' id='word_1_300' title='bbox 523 3189 588 3274; x_wconf 62' lang='lat' dir='ltr'>apic</span> <span class='ocrx_word' id='word_1_301' title='bbox 609 3188 703 3252; x_wconf 72' lang='lat' dir='ltr'>cillica</span> <span class='ocrx_word' id='word_1_302' title='bbox 725 3186 857 3252; x_wconf 86' lang='lat' dir='ltr'>neminis</span> <span class='ocrx_word' id='word_1_303' title='bbox 878 3209 991 3250; x_wconf 87' lang='lat' dir='ltr'>nomen</span> <span class='ocrx_word' id='word_1_304' title='bbox 1013 3185 1143 3251; x_wconf 74' lang='lat' dir='ltr'>curabat</span> <span class='ocrx_word' id='word_1_305' title='bbox 1164 3187 1205 3250; x_wconf 86' lang='lat' dir='ltr'>ab</span> 
     </span>
     <span class='ocr_line' id='line_1_34' title="bbox 104 3271 1203 3360; baseline -0.003 -22"><span class='ocrx_word' id='word_1_306' title='bbox 104 3273 246 3340; x_wconf 80' lang='lat' dir='ltr'>actuario</span> <span class='ocrx_word' id='word_1_307' title='bbox 260 3273 301 3337; x_wconf 85' lang='lat' dir='ltr'>ad</span> <span class='ocrx_word' id='word_1_308' title='bbox 315 3287 385 3338; x_wconf 87' lang='lat' dir='ltr'>acta</span> <span class='ocrx_word' id='word_1_309' title='bbox 398 3271 518 3358; x_wconf 79' lang='lat' dir='ltr'>referri,</span> <span class='ocrx_word' id='word_1_310' title='bbox 533 3287 571 3338; x_wconf 91' lang='lat' dir='ltr'>nt</span> <span class='ocrx_word' id='word_1_311' title='bbox 585 3274 664 3360; x_wconf 87' lang='lat' dir='ltr'>ejus,</span> <span class='ocrx_word' id='word_1_312' title='bbox 679 3286 789 3338; x_wconf 81' lang='lat' dir='ltr'>contra</span> <span class='ocrx_word' id='word_1_313' title='bbox 826 3295 896 3339; x_wconf 85' lang='lat' dir='ltr'>uem</span> <span class='ocrx_word' id='word_1_314' title='bbox 912 3295 944 3337; x_wconf 87' lang='lat' dir='ltr'>se</span> <span class='ocrx_word' id='word_1_315' title='bbox 958 3272 1203 3360; x_wconf 77' lang='lat' dir='ltr'>profiteretnr&#39;in</span> 
     </span>
    </p>
   </div>
   <div class='ocr_carea' id='block_1_7' title="bbox 5 3360 1208 3446">
    <p class='ocr_par' dir='ltr' id='par_1_7' title="bbox 5 3360 1208 3446">
     <span class='ocr_line' id='line_1_35' title="bbox 5 3360 1208 3446; baseline -0.005 -19"><span class='ocrx_word' id='word_1_316' title='bbox 5 3365 7 3372; x_wconf 74' lang='grc'>’</span> <span class='ocrx_word' id='word_1_317' title='bbox 99 3360 771 3446; x_wconf 80' lang='lat' dir='ltr'>jureacturumii47,19.1148,17.28.</span> <span class='ocrx_word' id='word_1_318' title='bbox 868 3360 1208 3446; x_wconf 74' lang='lat' dir='ltr'>puttrrnojndi‘ciol</span> 
     </span>
    </p>
   </div>
   <div class='ocr_carea' id='block_1_8' title="bbox 102 3443 1237 4634">
    <p class='ocr_par' dir='ltr' id='par_1_8' title="bbox 102 3443 1237 4634">
     <span class='ocr_line' id='line_1_36' title="bbox 103 3443 1237 3626; baseline -0.004 -30"><span class='ocrx_word' id='word_1_319' title='bbox 103 3446 291 3597; x_wconf 54' lang='lat' dir='ltr'>minio</span> <span class='ocrx_word' id='word_1_320' title='bbox 325 3443 1237 3626; x_wconf 47' lang='lat' dir='ltr'>olllllfff&#39;illllssltt&#39;ssfflbbbl‘lllliiffi·</span> 
     </span>
     <span class='ocr_line' id='line_1_37' title="bbox 104 3613 1205 3698; baseline -0.002 -16"><span class='ocrx_word' id='word_1_321' title='bbox 104 3619 384 3698; x_wconf 86' lang='lat' dir='ltr'>commentariensi,</span> <span class='ocrx_word' id='word_1_322' title='bbox 401 3631 437 3684; x_wconf 90' lang='lat' dir='ltr'>ut</span> <span class='ocrx_word' id='word_1_323' title='bbox 457 3617 498 3683; x_wconf 85' lang='lat' dir='ltr'>sil</span> <span class='ocrx_word' id='word_1_324' title='bbox 521 3641 633 3682; x_wconf 89' lang='lat' dir='ltr'>nomen</span> <span class='ocrx_word' id='word_1_325' title='bbox 655 3615 805 3682; x_wconf 87' lang='lat' dir='ltr'>debitoris</span> <span class='ocrx_word' id='word_1_326' title='bbox 826 3628 858 3681; x_wconf 88' lang='lat' dir='ltr'>ct</span> <span class='ocrx_word' id='word_1_327' title='bbox 880 3637 1033 3680; x_wconf 78' lang='lat' dir='ltr'>sumniam</span> <span class='ocrx_word' id='word_1_328' title='bbox 1055 3613 1205 3680; x_wconf 77' lang='lat' dir='ltr'>creditam</span> 
     </span>
     <span class='ocr_line' id='line_1_38' title="bbox 104 3698 1205 3790; baseline -0.007 -19"><span class='ocrx_word' id='word_1_329' title='bbox 104 3704 295 3770; x_wconf 74' lang='lat' dir='ltr'>adscriberet</span> <span class='ocrx_word' id='word_1_330' title='bbox 308 3705 390 3770; x_wconf 80' lang='lat' dir='ltr'>hanc</span> <span class='ocrx_word' id='word_1_331' title='bbox 408 3704 651 3782; x_wconf 81' lang='lat' dir='ltr'>annotationem,</span> <span class='ocrx_word' id='word_1_332' title='bbox 665 3701 763 3767; x_wconf 83' lang='lat' dir='ltr'>veln&#39;ti</span> <span class='ocrx_word' id='word_1_333' title='bbox 785 3700 944 3790; x_wconf 83' lang='lat' dir='ltr'>quandam</span> <span class='ocrx_word' id='word_1_334' title='bbox 965 3698 1205 3788; x_wconf 87' lang='lat' dir='ltr'>appendiculam</span> 
     </span>
     <span class='ocr_line' id='line_1_39' title="bbox 108 3785 1206 3878; baseline -0.005 -22"><span class='ocrx_word' id='word_1_335' title='bbox 108 3811 204 3878; x_wconf 83' lang='lat'>1193,</span> <span class='ocrx_word' id='word_1_336' title='bbox 219 3812 253 3877; x_wconf 89' lang='lat'>3.</span> <span class='ocrx_word' id='word_1_337' title='bbox 297 3797 335 3855; x_wconf 84' lang='grc' dir='ltr'><strong><em>τοὶ</em></strong></span> <span class='ocrx_word' id='word_1_338' title='bbox 357 3793 421 3877; x_wconf 79' lang='grc' dir='ltr'><strong><em>τρία</em></strong></span> <span class='ocrx_word' id='word_1_339' title='bbox 442 3791 522 3878; x_wconf 69' lang='grc' dir='ltr'><strong><em>μέρη,</em></strong></span> <span class='ocrx_word' id='word_1_340' title='bbox 543 3791 697 3856; x_wconf 89' lang='lat' dir='ltr'>bonorum</span> <span class='ocrx_word' id='word_1_341' title='bbox 720 3787 784 3854; x_wconf 83' lang='lat' dir='ltr'>scil.</span> <span class='ocrx_word' id='word_1_342' title='bbox 799 3785 1078 3878; x_wconf 74' lang='lat' dir='ltr'>publicatomm,a⁶i</span> <span class='ocrx_word' id='word_1_343' title='bbox 1098 3790 1130 3850; x_wconf 79' lang='grc' dir='ltr'>ἐν</span> <span class='ocrx_word' id='word_1_344' title='bbox 1152 3795 1206 3850; x_wconf 75' lang='grc' dir='ltr'>τῶν</span> 
     </span>
     <span class='ocr_line' id='line_1_40' title="bbox 105 3872 1206 3964; baseline -0.004 -25"><span class='ocrx_word' id='word_1_345' title='bbox 105 3879 193 3962; x_wconf 81' lang='grc' dir='ltr'><strong><em>νάμσιν</em></strong></span> <span class='ocrx_word' id='word_1_346' title='bbox 206 3883 248 3964; x_wconf 74' lang='grc' dir='ltr'>τῷ</span> <span class='ocrx_word' id='word_1_347' title='bbox 262 3877 351 3964; x_wconf 56' lang='lat' dir='ltr'>iside,</span> <span class='ocrx_word' id='word_1_348' title='bbox 367 3885 407 3964; x_wconf 73' lang='grc' dir='ltr'>τῷ</span> <span class='ocrx_word' id='word_1_349' title='bbox 421 3877 622 3962; x_wconf 74' lang='grc' dir='ltr'><strong><em>ἀπογράψαντι</em></strong></span> <span class='ocrx_word' id='word_1_350' title='bbox 637 3876 779 3962; x_wconf 81' lang='grc' dir='ltr'><strong><em>γίγνεται,</em></strong></span> <span class='ocrx_word' id='word_1_351' title='bbox 794 3875 894 3957; x_wconf 81' lang='grc' dir='ltr'><strong><em>ἀφίημι</em></strong></span> <span class='ocrx_word' id='word_1_352' title='bbox 912 3892 1007 3958; x_wconf 82' lang='lat'>1247,</span> <span class='ocrx_word' id='word_1_353' title='bbox 1026 3893 1054 3937; x_wconf 89' lang='lat'>1.</span> <span class='ocrx_word' id='word_1_354' title='bbox 1090 3877 1129 3936; x_wconf 87' lang='grc' dir='ltr'><strong><em>πά</em></strong></span> <span class='ocrx_word' id='word_1_355' title='bbox 1143 3872 1206 3936; x_wconf 79' lang='lat' dir='ltr'>reii-</span> 
     </span>
     <span class='ocr_line' id='line_1_41' title="bbox 104 3957 1205 4048; baseline -0.005 -22"><span class='ocrx_word' id='word_1_356' title='bbox 104 3989 160 4028; x_wconf 79' lang='grc' dir='ltr'><strong><em>ταν</em></strong></span> <span class='ocrx_word' id='word_1_357' title='bbox 174 3963 201 4028; x_wconf 83' lang='grc' dir='ltr'>εί</span> <span class='ocrx_word' id='word_1_358' title='bbox 215 3991 257 4040; x_wconf 84' lang='grc' dir='ltr'>τις</span> <span class='ocrx_word' id='word_1_359' title='bbox 275 3963 454 4048; x_wconf 79' lang='grc' dir='ltr'><strong><em>ἀπίγραψεν,</em></strong></span> <span class='ocrx_word' id='word_1_360' title='bbox 468 3965 653 4046; x_wconf 72' lang='grc' dir='ltr'><strong><em>ἀμφισβητεῖν</em></strong></span> <span class='ocrx_word' id='word_1_361' title='bbox 679 3981 717 4027; x_wconf 80' lang='lat'>12</span> <span class='ocrx_word' id='word_1_362' title='bbox 739 3981 774 4046; x_wconf 83' lang='lat'>5,</span> <span class='ocrx_word' id='word_1_363' title='bbox 792 3981 844 4028; x_wconf 84' lang='lat'>12.</span> <span class='ocrx_word' id='word_1_364' title='bbox 888 3959 926 4047; x_wconf 88' lang='lat' dir='ltr'>b)</span> <span class='ocrx_word' id='word_1_365' title='bbox 941 3958 1150 4044; x_wconf 72' lang='grc' dir='ltr'><strong><em>ἀπογράφεσθαι</em></strong></span> <span class='ocrx_word' id='word_1_366' title='bbox 1172 3957 1205 4020; x_wconf 86' lang='lat' dir='ltr'>iii</span> 
     </span>
     <span class='ocr_line' id='line_1_42' title="bbox 102 3979 1207 4162; baseline -0.008 -48"><span class='ocrx_word' id='word_1_367' title='bbox 102 4050 241 4136; x_wconf 75' lang='lat' dir='ltr'>passivo,</span> <span class='ocrx_word' id='word_1_368' title='bbox 256 4050 396 4162; x_wconf 84' lang='lat' dir='ltr'>expungi</span> <span class='ocrx_word' id='word_1_369' title='bbox 411 4047 570 4128; x_wconf 79' lang='lat' dir='ltr'>stabulis,</span> <span class='ocrx_word' id='word_1_370' title='bbox 585 4062 622 4112; x_wconf 92' lang='lat' dir='ltr'>ut</span> <span class='ocrx_word' id='word_1_371' title='bbox 637 4048 674 4113; x_wconf 80' lang='lat' dir='ltr'>fit</span> <span class='ocrx_word' id='word_1_372' title='bbox 687 3979 795 4112; x_wconf 77' lang='lat' dir='ltr'>debito</span> <span class='ocrx_word' id='word_1_373' title='bbox 805 4046 908 4112; x_wconf 88' lang='lat' dir='ltr'>diluto</span> <span class='ocrx_word' id='word_1_374' title='bbox 918 4048 957 4108; x_wconf 74' lang='lat' dir='ltr'>rol</span> <span class='ocrx_word' id='word_1_375' title='bbox 970 4046 1022 4142; x_wconf 75' lang='grc' dir='ltr'>μὶν</span> <span class='ocrx_word' id='word_1_376' title='bbox 1036 4044 1081 4108; x_wconf 71' lang='grc' dir='ltr'><strong><em>δύο</em></strong></span> <span class='ocrx_word' id='word_1_377' title='bbox 1097 4047 1123 4106; x_wconf 78' lang='lat' dir='ltr'>lv</span> <span class='ocrx_word' id='word_1_378' title='bbox 1137 4047 1207 4141; x_wconf 73' lang='grc' dir='ltr'><strong><em>ἀπο-</em></strong></span> 
     </span>
     <span class='ocr_line' id='line_1_43' title="bbox 105 4129 1207 4221; baseline -0.007 -21"><span class='ocrx_word' id='word_1_379' title='bbox 105 4141 201 4221; x_wconf 73' lang='grc' dir='ltr'><strong><em>γραφῇ</em></strong></span> <span class='ocrx_word' id='word_1_380' title='bbox 214 4162 372 4214; x_wconf 80' lang='grc' dir='ltr'><strong><em>πεσοιηταν,</em></strong></span> <span class='ocrx_word' id='word_1_381' title='bbox 389 4137 419 4200; x_wconf 78' lang='lat' dir='ltr'>rb</span> <span class='ocrx_word' id='word_1_382' title='bbox 435 4137 462 4200; x_wconf 77' lang='grc' dir='ltr'>δὲ</span> <span class='ocrx_word' id='word_1_383' title='bbox 475 4135 504 4200; x_wconf 75' lang='grc' dir='ltr'>δν</span> <span class='ocrx_word' id='word_1_384' title='bbox 524 4139 573 4198; x_wconf 79' lang='grc' dir='ltr'><strong><em>οὐκ</em></strong></span> <span class='ocrx_word' id='word_1_385' title='bbox 595 4132 825 4220; x_wconf 71' lang='grc' dir='ltr'><strong><em>ἀπογέγραπται,</em></strong></span> <span class='ocrx_word' id='word_1_386' title='bbox 841 4132 908 4198; x_wconf 87' lang='lat' dir='ltr'>duo</span> <span class='ocrx_word' id='word_1_387' title='bbox 928 4129 1057 4219; x_wconf 86' lang='lat' dir='ltr'>quidem</span> <span class='ocrx_word' id='word_1_388' title='bbox 1080 4150 1207 4193; x_wconf 76' lang='lat' dir='ltr'>nomina</span> 
     </span>
     <span class='ocr_line' id='line_1_44' title="bbox 105 4214 1205 4307; baseline -0.007 -21"><span class='ocrx_word' id='word_1_389' title='bbox 105 4221 211 4299; x_wconf 91' lang='lat' dir='ltr'>diluit,</span> <span class='ocrx_word' id='word_1_390' title='bbox 223 4243 322 4286; x_wconf 88' lang='lat' dir='ltr'>unum</span> <span class='ocrx_word' id='word_1_391' title='bbox 335 4235 441 4286; x_wconf 86' lang='lat' dir='ltr'>autem</span> <span class='ocrx_word' id='word_1_392' title='bbox 456 4235 494 4286; x_wconf 91' lang='lat' dir='ltr'>nt</span> <span class='ocrx_word' id='word_1_393' title='bbox 507 4245 525 4286; x_wconf 92' lang='lat' dir='ltr'>e</span> <span class='ocrx_word' id='word_1_394' title='bbox 541 4219 655 4302; x_wconf 89' lang='lat' dir='ltr'>tabulis</span> <span class='ocrx_word' id='word_1_395' title='bbox 668 4235 914 4307; x_wconf 82' lang='lat' dir='ltr'>expungeretnr,</span> <span class='ocrx_word' id='word_1_396' title='bbox 922 4214 1065 4281; x_wconf 89' lang='lat' dir='ltr'>nondum</span> <span class='ocrx_word' id='word_1_397' title='bbox 1077 4237 1205 4303; x_wconf 76' lang='lat' dir='ltr'>operam</span> 
     </span>
     <span class='ocr_line' id='line_1_45' title="bbox 105 4302 1207 4398; baseline -0.007 -26"><span class='ocrx_word' id='word_1_398' title='bbox 105 4306 196 4372; x_wconf 84' lang='lat' dir='ltr'>dedit</span> <span class='ocrx_word' id='word_1_399' title='bbox 212 4325 285 4392; x_wconf 88' lang='lat'>791,</span> <span class='ocrx_word' id='word_1_400' title='bbox 303 4327 353 4390; x_wconf 75' lang='lat'>24.</span> <span class='ocrx_word' id='word_1_401' title='bbox 392 4311 424 4394; x_wconf 90' lang='lat' dir='ltr'>c)</span> <span class='ocrx_word' id='word_1_402' title='bbox 439 4307 631 4398; x_wconf 83' lang='lat' dir='ltr'>proscribere</span> <span class='ocrx_word' id='word_1_403' title='bbox 644 4306 685 4370; x_wconf 85' lang='lat' dir='ltr'>ad</span> <span class='ocrx_word' id='word_1_404' title='bbox 700 4305 832 4370; x_wconf 78' lang='lat' dir='ltr'>hastam.</span> <span class='ocrx_word' id='word_1_405' title='bbox 877 4302 1110 4388; x_wconf 71' lang='grc' dir='ltr'><strong><em>ἐγγεγραμμένου</em></strong></span> <span class='ocrx_word' id='word_1_406' title='bbox 1125 4303 1153 4365; x_wconf 77' lang='lat' dir='ltr'>ii</span> <span class='ocrx_word' id='word_1_407' title='bbox 1166 4305 1207 4386; x_wconf 77' lang='grc' dir='ltr'>τῷ</span> 
     </span>
     <span class='ocr_line' id='line_1_46' title="bbox 106 4388 1206 4480; baseline -0.007 -22"><span class='ocrx_word' id='word_1_408' title='bbox 106 4394 240 4480; x_wconf 72' lang='grc' dir='ltr'><strong><em>δημοσίῳ,</em></strong></span> <span class='ocrx_word' id='word_1_409' title='bbox 252 4393 402 4480; x_wconf 78' lang='lat' dir='ltr'>quonism</span> <span class='ocrx_word' id='word_1_410' title='bbox 413 4417 498 4474; x_wconf 85' lang='lat' dir='ltr'>vero,</span> <span class='ocrx_word' id='word_1_411' title='bbox 509 4409 545 4458; x_wconf 92' lang='lat' dir='ltr'>ut</span> <span class='ocrx_word' id='word_1_412' title='bbox 560 4393 699 4473; x_wconf 82' lang='lat' dir='ltr'>aersrius,</span> <span class='ocrx_word' id='word_1_413' title='bbox 708 4391 824 4458; x_wconf 79' lang='lat' dir='ltr'>tabulis</span> <span class='ocrx_word' id='word_1_414' title='bbox 837 4389 938 4455; x_wconf 80' lang='lat' dir='ltr'>aernrii</span> <span class='ocrx_word' id='word_1_415' title='bbox 948 4388 1115 4476; x_wconf 83' lang='lat' dir='ltr'>inscriptus</span> <span class='ocrx_word' id='word_1_416' title='bbox 1128 4403 1206 4463; x_wconf 83' lang='lat' dir='ltr'>erar,</span> 
     </span>
     <span class='ocr_line' id='line_1_47' title="bbox 106 4474 1206 4572; baseline -0.005 -28"><span class='ocrx_word' id='word_1_417' title='bbox 106 4481 356 4572; x_wconf 75' lang='grc' dir='ltr'><strong><em>ἀπογραφήσεσθαι</em></strong></span> <span class='ocrx_word' id='word_1_418' title='bbox 367 4480 484 4566; x_wconf 75' lang='grc' dir='ltr'><strong><em>ίμελλει</em></strong></span> <span class='ocrx_word' id='word_1_419' title='bbox 493 4487 509 4560; x_wconf 79' lang='grc' dir='ltr'><strong>ἡ</strong></span> <span class='ocrx_word' id='word_1_420' title='bbox 517 4480 687 4568; x_wconf 77' lang='grc' dir='ltr'><strong><em>ὑπάρχουσα</em></strong></span> <span class='ocrx_word' id='word_1_421' title='bbox 696 4478 779 4544; x_wconf 79' lang='grc' dir='ltr'><strong><em>οὐσία</em></strong></span> <span class='ocrx_word' id='word_1_422' title='bbox 786 4477 989 4565; x_wconf 60' lang='grc' dir='ltr'><strong><em>Ἀπολλοδώρῳ</em></strong></span> <span class='ocrx_word' id='word_1_423' title='bbox 1001 4476 1119 4556; x_wconf 74' lang='grc' dir='ltr'><strong><em>δημοσία</em></strong></span> <span class='ocrx_word' id='word_1_424' title='bbox 1129 4474 1206 4558; x_wconf 76' lang='grc' dir='ltr'><strong><em>ἀναν.</em></strong></span> 
     </span>
     <span class='ocr_line' id='line_1_48' title="bbox 151 4587 668 4634; baseline 0 -5"><span class='ocrx_word' id='word_1_425' title='bbox 151 4588 274 4634; x_wconf 76' lang='grc' dir='ltr'><strong><em>οιιιιπ.</em></strong></span> <span class='ocrx_word' id='word_1_426' title='bbox 290 4589 368 4632; x_wconf 76' lang='lat' dir='ltr'>Art.</span> <span class='ocrx_word' id='word_1_427' title='bbox 644 4587 668 4629; x_wconf 86' lang='lat' dir='ltr'>ii</span> 
     </span>
    </p>
   </div>
   <div class='ocr_carea' id='block_1_9' title="bbox 0 0 1514 4992">
    <p class='ocr_par' dir='ltr' id='par_1_9' title="bbox 0 0 1514 4992">
     <span class='ocr_line' id='line_1_49' title="bbox 0 0 1514 4992; baseline 0 0"><span class='ocrx_word' id='word_1_428' title='bbox 0 0 1514 4992; x_wconf 95' lang='lat' dir='ltr'> </span> 
     </span>
    </p>
   </div>
  </div>
 </body>
</html>
