3009 4992
270 211 334 279 280
744 212 903 281 INDEX

269 385 356 473 quod
377 397 432 453 est.
457 390 554 453 πᾶσαν
574 385 652 471 ἀφεὶς
672 387 807 473 ιίρωνεέαν
828 385 942 452 omissa
961 386 1047 455 omni
1066 385 1276 467 cavillatione
1290 386 1377 455 salse

269 472 399 571 quidem
417 485 449 537 et
468 494 574 537 snnuoe
593 470 697 559 plenu,
712 472 829 561 frigida
850 486 955 538 temen
977 487 1009 538 et
1029 474 1167 539 absurde
1187 474 1378 563 tergiversae
1493 532 1494 541 ,

269 576 355 624 noue
368 559 507 648 partium
521 580 661 636 suarum,
676 559 718 624 ob
733 558 882 646 quaesitos
895 560 999 624 nescio
1013 583 1094 647 quos
1110 560 1217 626 futiles
1235 572 1373 649 praetex·
1493 600 1494 649 l

270 661 333 725 tus,
348 668 421 711 cum
432 644 629 711 contentione
642 644 676 708 in
690 644 788 709 elium
801 668 854 710 eas
868 645 1074 733 trensferendi
1088 665 1142 728 42,
1159 662 1192 731 7.
1229 650 1252 710 εἰ
1266 646 1373 729 μηδένα
1493 650 1494 697 ῗ

271 736 365 818 καιρὸν
382 730 469 797 οἴεσθε
488 733 571 810 ἥξειν,
586 730 662 807 ὅστις
676 730 743 795 εἴσω
756 731 858 808 ταύτης
872 737 920 809 τῆς
934 732 1068 819 εἰρωνείας
1082 733 1223 815 ἀφέξεται.
1246 730 1373 797 nullum
1493 768 1494 771 ¹

270 842 336 889 esse
361 834 486 906 tempus
510 830 692 894 venturum,
717 816 806 904 quod
830 818 1001 883 vanitatem
1025 832 1140 883 nostre
1165 818 1374 885 simulationis
1493 868 1494 871 τ

270 904 389 1056 afflat
406 903 501 985 1428,
515 923 548 989 3.
592 902 725 987 εἰρωνείαν
745 902 895 992 appellat,
914 927 987 969 cum
1008 904 1080 1054 qluis
1101 928 1217 992 magna
1237 918 1270 971 et
1291 928 1375 993 proe-

270 1015 288 1059 c
367 991 514 1070 minutus,
531 987 586 1053 ubi
604 988 719 1076 agendi
738 1005 864 1079 tempus
882 990 979 1070 venit,
994 1014 1017 1054 n
1054 989 1132 1079 egit,
1147 990 1374 1079 ingentemque

271 1077 312 1144 de
325 1102 359 1143 sc
371 1090 559 1142 commotam
629 1097 662 1139 m
675 1075 827 1141 destituit.

312 1164 496 1252 elpmrluclaa
516 1162 574 1227 sim
645 1160 792 1242 callum,
808 1165 905 1249 quem
926 1163 976 1229 sis
998 1162 1100 1229 multa
1119 1177 1152 1229 et
1170 1186 1286 1252 magne
1298 1188 1375 1263 pro-

270 1250 405 1330 mittere,
419 1272 493 1349 quoe
510 1271 613 1335 neque
633 1248 744 1336 possis,
759 1272 862 1335 neque
876 1248 952 1313 velis
965 1272 1000 1313 re
1013 1264 1182 1337 preestere3
1204 1263 1263 1315 eut
1276 1264 1374 1315 etiarn

270 1336 416 1403 simulare
428 1334 648 1423 ignorantium,
663 1334 754 1422 quasi
774 1334 950 1423 periculum
970 1335 1135 1402 imminens
1156 1350 1189 1401 et
1208 1336 1250 1401 ob
1264 1336 1374 1402 oculos

270 1422 409 1511 positum
428 1420 516 1487 houd
534 1444 652 1501 cernas,
675 1421 800 1487 tametsi
820 1422 900 1487 bene
921 1444 1040 1502 cernae,
1054 1422 1242 1510 affectesque
1263 1438 1295 1487 te
1319 1446 1375 1488 ne·

272 1508 361 1589 scire,
374 1509 409 1574 id
422 1509 463 1574 ad
478 1522 510 1573 te
523 1531 652 1607 quoque
670 1506 837 1594 pertinere,
852 1508 940 1595 quod
955 1508 1035 1573 bene
1054 1508 1142 1589 scias,
1156 1508 1329 1573 dummodo
1343 1508 1374 1574 ei

270 1619 432 1661 occurrere
446 1618 487 1659 ne
577 1618 630 1674 ns,
645 1594 701 1659 sed
714 1593 768 1659 olii
789 1594 927 1659 muneris
944 1594 991 1659 tui
1010 1609 1115 1682 partes
1127 1609 1235 1681 agent.
1259 1596 1371 1675 either,

271 1692 303 1747 to
317 1684 399 1770 give
411 1682 523 1746 Ιιένιιοοέ
556 1683 637 1761 airu,
660 1689 692 1745 to
711 1680 784 1746 lord
804 1684 852 1755 it,-
876 1703 924 1759 or,
944 1689 976 1745 to
996 1681 1066 1745 loolc
1084 1682 1204 1769 σοαρύά,
1226 1682 1373 1830 topogo

270 1771 457 1856 igrwrauce.
472 1773 520 1844 τῆς
532 1772 610 1851 ταρὰ
616 1765 818 1845 τοῖςἛλλησιν
833 1766 948 1853 ἅγνοέας
964 1767 1052 1851 κακία
1065 1767 1248 1875 μεμιγμένης,
1279 1770 1303 1831 τ’
1315 1770 1374 1845 έυῆυ

271 1860 366 1917 ταῦτα
390 1854 504 1917 κωλύειν
526 1856 674 1934 ἀσφαλῶς,
696 1856 737 1915 τοὶ
755 1854 806 1937 μὶν
827 1856 857 1916 οὔ
878 1851 1045 1939 προορώσης,
1065 1856 1103 1916 τὰ
1122 1854 1150 1915 δε
1173 1854 1373 1940 εἰρωνευομένης

275 1959 370 2023 1394,
400 1937 637 2038 13.=simulete
661 1938 748 2003 etin
773 1937 904 2003 modum
928 1937 1174 2025 praevaricatoris
1201 1960 1304 2025 agere,
1334 1954 1374 2003 ut

272 2024 349 2089 velis
370 2025 498 2112 quidem
519 2023 588 2089 aliis
606 2022 706 2089 videri
719 2046 831 2089 verum
845 2037 877 2089 et
890 2047 1019 2111 aequum
1033 2024 1142 2110 egisse,
1157 2038 1285 2110 tuaeque
1299 2047 1373 2111 per·

272 2134 356 2176 sonae
378 2110 606 2188 convenienter,
630 2133 741 2175 verum
764 2122 867 2176 tumen
889 2110 1033 2198 partibus
1053 2110 1191 2175 muneris
1212 2109 1260 2174 tui
1284 2109 1373 2175 haud

272 2197 452 2277 satisfacias,
475 2211 507 2262 et
535 2220 576 2262 ne
596 2196 673 2262 velis
693 2196 833 2283 quidem.
863 2196 912 2261 οἵτ’
927 2196 1093 2282 εἰρωνεύεσθε
1107 2196 1172 2295 τρδς
1187 2200 1259 2279 ύμοῖς
1273 2198 1373 2271 αὐτοὺς

267 2306 335 2369 μου
348 2285 469 2362 delude,
478 2284 560 2382 play
575 2284 799 2371 ιέιυύιμροοιύέο
814 2292 845 2348 lo
859 2283 1053 2369 μουτνοὶυοσ.
1094 2281 1181 2347 ahud
1202 2305 1270 2370 prae
1283 2281 1374 2347 vobis

271 2369 370 2448 fertis,
386 2368 473 2435 aliud
486 2393 520 2433 111
533 2368 638 2434 animo
653 2383 771 2434 tectum
786 2369 908 2434 habetis
921 2370 964 2434 D.
981 2370 1054 2447 106,
1071 2386 1122 2432 21.

274 2510 281 2522 .
316 2455 366 2541 εἷς]
384 2462 408 2520 sl
423 2458 444 2519 8
460 2456 512 2531 oluf
526 2455 584 2541 lyei
603 2457 668 2541 παρ’
684 2460 748 2538 ύμῖν
766 2459 844 2520 κατὰ
864 2458 913 2533 τὴν
932 2458 1053 2537 ἐμαυτοῦ
1068 2454 1159 2533 τάξιν,
1174 2455 1210 2529 uls
1224 2458 1251 2517 έν
1264 2454 1372 2540 έκίιστη

271 2549 326 2605 τῶν
339 2542 510 2618 Ἑλληνέδων
520 2540 625 2605 τύλεων
639 2544 704 2627 οἰιηρ
718 2540 838 2622 ἐγένετο,
848 2548 959 2624 μᾶλλον
974 2542 995 2605 δ’
1010 2546 1033 2604 sl
1048 2538 1096 2603 ένα
1108 2540 1188 2623 μένον
1202 2538 1289 2627 ἄνδρα
1296 2544 1373 2605 Θετ-

271 2626 373 2706 ταλέα,
388 2629 437 2691 καὶ
452 2626 499 2691 ἕνα
516 2624 602 2715 ἄνδρα
614 2626 754 2714 Ἀρκαδία
768 2630 860 2693 ταύτὰ
874 2632 1021 2712 φρονοῦντα
1036 2624 1145 2713 *έσχον
1167 2626 1226 2708 ἐμοὶ
1248 2641 1325 2711 327,
1363 2674 1370 2690 .

271 2717 309 2789 εἰς
329 2712 358 2779 ἓν
383 2714 519 2798 ψήφισμα
542 2719 635 2776 ταῦτα
659 2713 752 2777 τοὶντα
774 2714 980 2779 συνεσκεύασαν
1001 2712 1145 2797 358,14
1190 2713 1248 2775 otti
1269 2714 1329 2775 καθ’
1339 2646 1372 2775 iv

270 2814 414 2886 552,13.
458 2798 547 2863 nullo
561 2813 654 2886 pacto
669 2800 744 2882 778,
761 2818 813 2881 24·
857 2801 902 2863 riu
925 2800 991 2884 ύτὲρ
1010 2800 1178 2875 τηλικαύτης
1199 2797 1305 2872 τύλους
1322 2798 1371 2861 καὶ

270 2886 409 2950 τοσούτων
422 2884 599 2971 πραγμάτων
612 2884 788 2973 ῥηθησόμενον
810 2884 895 2971 λύγον
914 2886 1017 2959 παντὸς
1036 2884 1090 2958 luis
1109 2890 1158 2949 τοῦ
1179 2882 1310 2969 λέγοντος
1328 2885 1371 2946 ἀεὶ

258 2990 265 2997 ·
270 2970 358 3053 μείζω
371 2972 515 3054 φαίνεσθαι
529 2974 577 3035 διῑ.
599 2970 688 3035 nullo
702 2993 764 3037 non
780 2984 914 3049 oratore,
928 2969 1108 3058 quicunque
1130 2969 1182 3035 ille
1200 2983 1306 3035 orator
1325 2982 1373 3033 est

272 3070 413 3143 tempore
428 3080 556 3155 quoque
569 3057 667 3121 verba
683 3056 810 3135 faciens,
826 3072 976 3145 tunquam
999 3079 1064 3120 uno
1085 3054 1235 3144 singulari
1257 3067 1289 3119 et
1310 3054 1373 3142 pri-

272 3155 346 3207 vato
358 3142 496 3222 homme,
512 3142 645 3230 amplior
659 3156 757 3229 atque
771 3142 920 3209 excelsior
934 3142 1029 3209 debet
1043 3141 1142 3226 videri
1159 3156 1232 3224 171,
1251 3159 1300 3207 12.
1343 3141 1373 3205 έν

272 3230 332 3313 γὰρ
353 3227 435 3312 μηδέν
456 3232 544 3307 ἔστιν,
568 3229 607 3312 ἐφ’
623 3226 646 3315 ᾧ
665 3238 720 3292 τῶν
741 3230 943 3315 πεπραγμένων
964 3232 994 3293 ού
1016 3227 1120 3303 δέκαιος
1140 3225 1176 3291 clu
1196 3225 1373 3292 ἀπολωλέναι

271 3315 423 3397 φανήσεται
436 3315 514 3400 518,
528 3318 584 3403 μό.
628 3338 668 3379 ne
684 3314 814 3380 unicum
828 3314 957 3403 quidem
979 3326 1026 3380 est
1046 3314 1080 3377 in
1100 3313 1290 3379 facinoribus
1304 3312 1373 3400 ejus

271 3400 429 3480 omnibus,
444 3400 531 3465 unde
550 3423 613 3466 nou
630 3414 761 3481 constet,
777 3425 851 3466 eum
872 3402 981 3467 mortis
1002 3400 1151 3467 meruisse
1172 3398 1372 3487 supplicium.

274 3486 389 3571 (simile
402 3499 450 3552 est
468 3486 548 3552 illud
566 3487 721 3553 Herodoti
742 3489 880 3576 ἀνθρύτου
902 3495 988 3569 σῶμα
1008 3487 1037 3551 ἓν
1059 3488 1131 3552 οὐδέν
1151 3484 1291 3588 αὔταρκές
1311 3490 1371 3549 έστι

272 3597 306 3661 p.
321 3589 372 3657 17,
387 3594 440 3661 31.
455 3573 508 3639 ed.
525 3574 731 3725 Wesseliqu
750 3574 789 3638 tvl
805 3573 842 3660 γέ
865 3601 905 3662 τῳ
923 3572 1014 3723 τρίτῳ
1032 3592 1127 3658 1341,
1145 3592 1196 3659 19.
1216 3658 1223 3670 ι
1240 3577 1303 3670 ὑμιν
1316 3574 1373 3646 τοῖς

271 3659 345 3745 γένει
363 3659 490 3735 τολέτανς
513 3662 571 3744 pull
592 3661 622 3725 ἓν
643 3685 689 3748 qu
730 3682 857 3747 cunque
878 3673 931 3725 ten
955 3681 1016 3737 em,
1039 3673 1242 3767 quantumvis
1261 3679 1373 3743 ingens

269 3747 428 3831 χρημάτων
442 3749 542 3823 πλῆθος
555 3748 617 3811 ἀντὶ
630 3754 679 3811 τού
693 3746 788 3833 γένους
807 3747 894 3811 uallo
914 3750 989 3812 έστιν
1006 3746 1117 3809 ἑλεσύαι
1133 3761 1210 3830 953,
1227 3741 1372 3824 24:502

272 3832 339 3914 πρὸς
353 3828 402 3893 ’ένα
415 3831 500 3917 λύγον
520 3833 700 3917 ἀπολογηθεὶς
714 3835 758 3896 Α.
778 3851 850 3911 122,
866 3832 992 3918 34.=iv
1011 3831 1062 3915 μέν
1084 3831 1229 3911 βούλευμα
1251 3836 1373 3893 τοιοῦτον

271 3914 498 3997 ἐβουλευσάμεθα
512 3920 580 3981 An.
596 3934 648 4000 27,
667 3920 797 4003 15.=lvl
814 3918 903 4004 λόγῳ.
930 3930 968 3983 ut
982 3916 1087 3983 omnio
1100 3940 1166 3983 uno
1180 3915 1276 3981 verbo
1289 3938 1372 3981 com-

272 4000 403 4089 plectar.
424 4023 498 4066 once
498 4004 565 4088 for
578 4004 624 4069 cll
637 4004 680 4067 L.
697 4023 771 4089 133,
790 4024 840 4084 14.

316 4092 353 4161 εἰς
381 4087 476 4153 modo
504 4088 671 4176 aequivalet
697 4089 910 4177 praepositioni
933 4094 1019 4169 κατὰ,
1048 4089 1179 4167 ratione,
1207 4100 1370 4175 respectu;

273 4173 368 4239 modo
389 4178 445 4253 lul,
460 4190 599 4264 propter,
625 4177 686 4251 ob;
713 4175 889 4263 significans
909 4198 1036 4241 causam
1062 4190 1094 4241 et
1120 4174 1314 4254 efficientem,
1340 4188 1372 4239 et

271 4260 417 4334 finalem
442 4262 538 4328 modo
559 4266 636 4361 πρὸς,
657 4262 711 4344 sd,
724 4263 820 4327 modo
842 4268 879 4341 ἐν,
903 4262 955 4337 in;
986 4276 1158 4350 usurpatur
1182 4284 1310 4348 quoque
1339 4260 1371 4329 iu

273 4346 477 4413 aestimatione
498 4347 601 4436 spatii,
622 4348 771 4437 temporis
783 4366 825 4419 ,et
845 4346 977 4424 valoris3
1006 4348 1118 4430 ferme,
1132 4346 1370 4499 ρτορειιηοόυιο,

272 4433 402 4525 circiter.
425 4433 587 4501 videamus
601 4436 838 4523 jamexemple.
874 4438 909 4521 e)
924 4458 983 4525 pro
998 4440 1188 4523 κατα,ἠιιου
1210 4481 1222 4516 ,
1239 4432 1369 4513 ratione,
