3009 4992
303 305 309 316 “
537 220 860 289 GRAECITATIS.
1184 238 1251 311 315-

145 391 247 459 veluti
261 390 546 505 propugnaculum.
576 393 699 476 ῦμποδιῦν
712 398 771 480 γὰρ
782 393 798 473 θ
809 392 938 481 ipsumsi
953 393 1097 473 σονθόνιας,
1112 392 1130 473 t,
1138 395 1249 483 χρόνον,

146 479 163 558 ἢ
179 482 221 544 ἐπ’
236 481 391 567 αυτοῴάριρ
400 504 430 543 τι
443 483 573 559 ποιεῖται,
587 482 666 563 αῦτᾷ
679 481 707 545 δὲ
727 486 769 567 τῷ
784 482 936 565 πράγματι
958 486 988 545 οῦ
1009 480 1131 547 πιστεόιι
1155 490 1250 557 καλῶς

78 618 88 629 ,
145 567 327 652 ἀγωνιεῖσθαι
345 566 484 653 138,18.

192 654 325 738 ἐμποιεῖν]
340 652 457 740 χρόνους
471 656 598 735 ἐμποιῆτε
612 655 669 727 τοῖς
681 652 837 739 πράγμασι
855 670 928 739 129,
944 672 995 735 14
1010 653 1087 739 651,
1104 654 1156 718 26.
1173 672 1249 739 944,

146 754 363 826 9.1432,25.
399 740 545 825 διατριβάς
562 740 659 824 1158,
675 740 707 803 8.
743 744 774 803 αἶ
788 738 925 827 ἐμπειρίαι
941 740 989 803 καὶ
1004 740 1036 803 τδ
1050 742 1146 803 πολλαί
1161 747 1250 827 διορα-

146 825 228 888 κᾶναι
242 829 386 908 ἐμποιοῦσι
399 825 432 889 νδ
447 831 507 887 νοῦν
521 822 596 909 ’ἧμιν
614 839 709 909 1452,
727 826 779 889 18.
816 827 936 909 ἐμποιεῖν
956 827 1010 890 τινὶ
1032 826 1113 905 λήθην
1133 824 1149 904 ἢ
1171 826 1252 905 curri·

147 912 223 977 θειαν
234 918 290 975 πάιν
304 911 483 993 ἀδικημάτων
496 928 575 996 342,
593 929 642 974 10.
801 970 803 977 .

192 1001 360 1079 ἐμπολτμιῖν
373 1000 422 1074 τὴν
435 995 534 1083 χάραν
548 994 721 1081 παράχσυσιν
735 998 804 1061 Α11.
822 997 876 1074 26,
889 1016 944 1077 41.

193 1082 340 1167 ἐμπορεία]
357 1087 382 1146 οί
395 1082 423 1145 δῖ
438 1082 561 1146 ἐνίπλεον
574 1086 637 1155 ταῖς
652 1082 818 1169 ἐμπορείαις.
863 1082 973 1147 eadem
987 1106 1079 1159 nave,
1093 1104 1158 1169 qua
1172 1105 1252 1149 11101·-

147 1191 212 1268 ses,
227 1168 433 1247 vehebantur,
448 1181 481 1232 et
493 1167 663 1233 intererant
676 1167 886 1256 exportationi
900 1182 933 1234 et
945 1168 1158 1259 importationi
1172 1193 1253 1237 mer-

148 1254 405 1450 θῑὲἳπ1ρ18ε8θιῖι]
421 1340 466 1403 ἐπὶ
478 1344 513 1426 τῇ
519 1340 662 1490 moires
675 1347 725 1404 τοῦ
739 1343 806 1422 ὲμπ.
823 1348 1062 1423 συκοφαντοῦντας
1083 1342 1158 1441 893,
1176 1358 1249 1424 7.ι-.

150 1426 263 1490 δίαιταν
276 1428 482 1511 ἑμποριυισθαι,
496 1425 519 1490 d
560 1425 623 1491 'tus
637 1448 704 1491 esse
716 1426 790 1491 vitae
804 1428 924 1513 generi,
937 1443 969 1493 et
989 1425 1022 1493 id
1038 1426 1136 1493 veluu
1157 1450 1253 1517 nego-

149 1510 313 1577 tiationem
326 1512 487 1599 quandam
501 1512 644 1577 exercere
659 1513 717 1576 AE.
734 1531 788 1591 21,
804 1533 857 1599 39.

196 1597 331 1684 ἐμπορία]
347 1604 377 1662 αί
391 1597 519 1683 ἐμπορίαι
533 1603 590 1673 τοῖς
608 1598 801 1686 ἔργαζομένοις
824 1603 873 1663 οῦκ
895 1600 950 1665 oiri
971 1609 1026 1665 τῶν
1048 1598 1251 1683 δανιιζομένιον,

152 1686 222 1747 ἄλλ’
236 1685 291 1747 άπὸ
305 1692 360 1747 τῶν
373 1682 545 1765 δανειζόντὲσν
559 1686 628 1748 ciris
642 1702 718 1769 922,
737 1704 786 1748 10.
824 1686 864 1767 ἐφ’
879 1682 960 1771 ῦτέρᾳ
975 1683 1095 1771 ἐμπορίᾳ
1107 1687 1254 1769 ἀποδημεῖν

155 1772 252 1853 1236,
269 1775 449 1852 23.;·.αῦτοῦ
467 1773 516 1848 τὴν
538 1769 669 1858 ἐμπορίαν
690 1770 814 1849 ἔφασκεν
836 1770 1254 1858 είναι1..908,10.α.-ίμπο·

152 1854 215 1941 ρίαν
230 1854 354 1939 ιῖσάγειι
368 1856 432 1943 Ly.
451 1868 523 1940 155,
542 1876 592 1941 13·

198 1942 358 2039 ἐμπορικδς]
373 1943 519 2027 ἐμπορικαὶ
534 1941 609 2005 δίκαι
623 1941 693 2007 lites
710 1942 794 2009 inter
814 1956 1000 2009 mercatores
1017 1941 1151 2007 Athenis
1171 1940 1256 2008 intra

153 2048 291 2091 mensem
305 2026 506 2092 timebuntur.
538 2030 684 2114 ἐμπορικαὶ
699 2028 774 2093 δίκαι
788 2032 837 2093 οῦκ
852 2026 934 2107 ἦσαν,
946 2028 1037 2115 οῦσπερ
1052 2036 1107 2108 νῦν,
1117 2030 1254 2113 ἀκριβεῖς,

154 2118 186 2176 αέ
199 2116 276 2176 κατά
288 2118 374 2195 μῆνα,
389 2121 515 2190 ποιοῦσαι
529 2115 611 2197 μηδὲν
625 2116 729 2179 δεῖσθαι
742 2113 895 2195 συμβόλων
908 2116 970 2189 τοὺς
980 2120 1111 2179 τοσοῦτον
1121 2114 1255 2191 άλλῆλανν

153 2198 314 2283 άπέχοιτας
329 2214 384 2284 79,
401 2218 451 2286 23.
493 2201 634 2287 ἐμπορικοὶ
649 2200 735 2283 νόμοι.
770 2201 826 2287 jus
838 2198 1085 2288 negotiatoribus
1098 2198 1254 2265 constitu·

155 2298 384 2369 1111192410.
420 2289 595 2372 ἐμπορικὰχ
617 2286 710 2369 ’ματα
723 2304 800 2371 940,
819 2304 871 2353 2ο.
904 2284 1047 2373 pecuniae
1060 2284 1256 2352 iusumeudoe

154 2370 311 2435 mercibus
324 2370 511 2449 coemendis,
525 2385 558 2436 et
573 2395 594 2435 u
615 2371 627 2435 i
640 2395 698 2460 per
712 2394 798 2436 mare
817 2371 878 2437 alio
896 2386 1051 2460 pervectae
1064 2370 1193 2450 fuerint,
1207 2371 1256 2437 di-

155 2456 338 2522 vendendis
375 2460 521 2543 ἐμπορικὴν
534 2459 609 2535 δίκην
625 2460 882 2525 καταδικάσασθαι.
925 2458 1072 2540 effecisse,
1088 2471 1125 2525 ut
1142 2456 1256 2545 aliquis

155 2541 189 2605 in
203 2566 297 2607 causa
311 2542 494 2609 mercatoria
505 2543 766 2610 condemnaretur
778 2559 855 2631 571,
872 2564 925 2611 21.
1144 2584 1147 2591 ·

200 2630 338 2715 ἐμπόριον]
369 2629 505 2714 ἐμπορίαν
529 2630 742 2714 κεκλεισμόναιν.
781 2630 939 2717 portubus
962 2629 1075 2697 clausis
1103 2648 1156 2710 22,
1180 2652 1255 2717 pen.

155 2732 234 2796 422,
253 2717 303 2783 26.
347 2718 411 2803 πρδς
426 2720 483 2791 τοῖς
496 2724 551 2780 τοῦν
566 2716 700 2801 ῦμπορίαιν
713 2715 839 2799 στόμασι
854 2735 909 2802 49,
925 2738 957 2801 9.
995 2716 1204 2795 ἐπιδανείζεσθαι
1223 2718 1256 2779 ἐκ

156 2807 208 2865 τοῦ
221 2801 349 2887 ἐμπορίου
364 2821 440 2887 922,
455 2821 485 2883 4.
522 2806 551 2865 ἐν
564 2804 685 2888 ἐμπυρίορ
698 2804 747 2867 καὶ
760 2804 907 2889 χρόμασιν
922 2803 1101 2890 ἐργαζόμενος
1117 2800 1255 2886 ,ἄνθρωπος

157 2889 542 3063 stertet
556 2887 1257 3073 ,7111111111

158 3080 322 3124 causarum
338 2996 678 3149 memfilffidoes
695 3081 790 3147 1324,
810 3020 945 3126 18.=roi
959 3061 1078 3148 ἐμπορία
1097 3020 1256 3124 κεκλιῖσθαι

159 3145 203 3209 L.
222 3150 293 3231 165,
317 3148 526 3235 28.=portus
550 3148 689 3213 Athenis
710 3164 741 3214 et
767 3148 912 3213 universa
932 3171 982 3213 res
1002 3143 1185 3213 mereatoris
1211 3144 1256 3210 ibi

158 3233 337 3299 exercitata.
365 3234 493 3319 ἐμπόριον
507 3236 672 3315 ἐπιμεληταὶ
687 3234 729 3299 D.
749 3236 822 3314 106,
839 3255 890 3317 19.
917 3234 1085 3317 οίκοδόμιςμα
1101 3236 1178 3319 ἓντῷ
1192 3236 1258 3314 ῦμε-

158 3317 230 3404 τόρυι
245 3320 364 3405 ἐμπορίῳ
380 3318 514 3405 (Piraeo)
530 3319 547 3398 ἢ
562 3324 588 3382 ἐν
603 3326 643 3404 τῷ
655 3318 737 3383 ἄστει
757 3339 829 3398 102,
847 3337 896 3403 17.

203 3383 331 3491 ἐμπορος]
350 3410 374 3469 οί
387 3411 433 3483 τῆς
449 3408 514 3491 παρ’
529 3410 593 3487 ὑμῖν
606 3403 747 3479 πολιτείας
763 3405 901 3489 *ἔμποροί
919 3407 992 3487 164,
1007 3424 1040 3490 3.

204 3492 360 3576 ἐμπορποῖν]
376 3494 463 3555 διπλαῖ
477 3493 577 3573 ίμάτια
591 3490 845 3577 ἐμπεπορπημένους
861 3491 924 3578 Ly.
943 3510 1016 3576 153,
1031 3505 1062 3576 5.
1099 3486 1257 3553 militesin
1357 3493 1360 3499 ’

159 3590 262 3643 castra
273 3593 384 3643 euntes
395 3577 495 3665 dupla
508 3600 583 3665 saga
595 3575 701 3642 fibulis
714 3576 865 3641 adstricta
875 3576 1036 3663 gerebant.

205 3664 345 3751 ἐμπουσα]
365 3663 397 3741 ἦν
412 3662 585 3747 Ἔμπουσαν
606 3663 725 3737 άτανπες
746 3661 827 3727 ῦσασι
851 3664 1031 3745 καλουμένην,
1046 3662 1091 3725 διαί
1112 3661 1143 3724 τῦ
1164 3658 1258 3725 πάντα

160 3753 245 3815 ποιεῖν
259 3753 307 3813 καὶ
321 3750 447 3836 πάσχειν
461 3768 535 3833 270,
552 3764 603 3835 25.

204 3835 352 3925 ἐμπρησις]
368 3837 514 3922 ἐμπρήσεις
528 3841 619 3902 οἰκιῶν
632 3836 687 3901 AE.
704 3836 758 3919 76,
773 3857 806 3923 3.

205 3923 369 4012 ἔμπροσθεν]
383 3924 446 3997 τοῦς
461 3923 540 4007 ὀρθῶς
555 3928 595 4010 τῷ
607 3923 722 4009 τολέμιρ
735 3921 924 4008 χρησομένους
938 3926 967 3985 οῦ
983 3922 1024 3985 bt
1036 3921 1191 3986 ἀκολουθεῖν
1202 3921 1259 3993 τοῖς

160 4008 340 4092 πράγμασιν,
354 4011 422 4074 ἀλλ’
437 4010 536 4082 αὐτοὺς
551 4007 698 4093 ἐμπροσθεν
713 4008 849 4074 εἶναιτῶν
863 4008 1040 4095 πραγμάτων
1053 4012 1109 4092 51,
1128 4022 1176 4091 15.
1207 4008 1259 4081 τὰς

162 4092 256 4169 αέτίας
269 4098 321 4170 τοὶς
334 4102 390 4159 τῶν
403 4094 568 4171 ἠδικηκότων
582 4095 729 4180 ἔμπροσθεν
749 4093 817 4159 εἶναι
839 4102 888 4159 τοῦ
910 4093 1016 4159 δικαίου
1037 4091 1173 4180 potiones
1194 4113 1260 4156 esse

157 4180 233 4268 jure
250 4197 345 4268 1297,
362 4180 607 4266 26.;.·ἐμπροσθεν
620 4188 675 4244 τιῦν
690 4180 777 4260 νόμσιν
790 4182 828 4262 μή
840 4180 995 4258 πολιτεύου,
1007 4180 1074 4243 ἀλλ’
1086 4176 1207 4264 ὕστερος,
1218 4176 1262 4243 ie-

162 4266 257 4353 gibus
271 4266 401 4332 modum
417 4265 627 4353 praescribere,
635 4266 720 4353 leges
730 4266 772 4330 ad
783 4265 944 4331 libidinem
959 4280 1046 4331 tuam
1061 4264 1260 4352 detorquere,

163 4368 196 4417 et
209 4353 323 4419 invitas
336 4376 447 4442 cogere
461 4354 503 4418 ad
516 4352 752 4440 obsequendum
769 4352 837 4433 tibi,
852 4375 892 4416 ne
906 4350 1000 4430 aude,
1015 4351 1070 4417 sed
1083 4350 1150 4437 ipse
1160 4364 1197 4417 tu
1208 4372 1261 4415 eas

159 4463 293 4535 sequere
309 4442 365 4507 [Ε.
382 4456 437 4526 57,
455 4440 698 4527 11.εέμπςοσθεν
712 4448 766 4504 τῶν
782 4438 925 4522 ἐπωνύμων
941 4440 971 4504 1.
985 4453 1039 4524 54,
1053 4458 1108 4519 40.
