3009 4992
498 241 813 310 GRAECITATIS.
1144 267 1203 312 101

123 413 287 492 Ιἀποδημίαι
311 411 452 478 absentia
472 413 579 490 domo,
602 417 806 482 commoratio
829 416 861 480 in
888 415 955 481 scio
979 416 1145 504 peregrino
1171 420 1203 483 Ι.

103 500 175 585 [19,
195 517 245 596 15.
267 508 361 574 :etis
380 499 478 564 διίθττο
498 507 547 578 τὴν
565 503 721 586 ἀποδημίαν
735 508 773 579 τίς
786 508 835 581 τὴν
849 503 1026 584 Ὀλυμπίαν.
1043 504 1205 591 quomodo

98 609 134 684 se
151 599 221 650 toto
237 501 292 648 iiic
311 599 451 684 tempore
471 587 611 673 gesserit,
634 611 699 674 quo
718 611 776 677 per
788 612 914 654 causam
930 589 1079 655 ludorum
1094 590 1205 678 Olym·

97 695 242 759 picorum
260 671 397 736 Atbenrs
412 673 515 738 abfuit
529 676 598 738 An.
613 693 669 760 33,
686 691 714 759 7.

144 760 312 821 ἀποδιαιπάν
326 757 443 824 dicitur
456 759 573 824 arbiter
586 758 722 847 aliquem
738 761 892 825 sententia
906 784 964 825 oua
980 760 1158 840 absolvens,
1172 775 1206 828 et

99 843 277 954 opponitur
290 851 331 930 τῷ
345 847 539 909 καταδιαιτᾶν.
583 846 777 912 construitur
789 869 862 912 cum
876 846 1017 934 genitivo
1035 863 1069 912 et
1086 848 1203 913 dativo.

98 936 186 994 ποιθει
208 932 292 994 αὐτόν
313 935 360 1007 τὴν
382 930 469 1009 δίκην,
487 930 518 1008 ἢν
540 934 774 1020 καταάοδιῃτῆοιει,
789 933 1028 1021 ἀποδεδιῃτημθνην
1049 935 1203 1021 ἀποφξοοιν.

102 1016 177 1099 (nisi
199 1015 306 1103 potius
327 1016 370 1080 ibi
392 1017 550 1096 ἀποφαίνειν
567 1017 630 1106 leg.
647 1023 719 1103 est.)
735 1018 904 1100 declarare,
918 1019 1114 1099 sententiam,
1130 1043 1205 1108 quae

100 1102 133 1166 in
150 1102 285 1168 Midiam
300 1102 506 1189 pronunciata
519 1119 611 1184 esset,
627 1104 801 1170 secundum
815 1128 888 1170 eum
909 1106 1005 1170 fuisse
1021 1107 1205 1192 pronuntia·

101 1203 168 1252 tam
189 1205 267 1274 542,
282 1191 314 1254 6.
337 1206 414 1275 545,
439 1191 489 1256 26.
534 1194 773 1272 ἀποδιαοτῆοαμυ
793 1196 870 1276 αὑτῷ
890 1195 940 1269 τὴν
961 1192 1079 1255 δίαιται.
1122 1193 1205 1257 arbi-

101 1275 199 1339 trium
215 1274 386 1339 secundum
403 1298 435 1338 se
449 1275 596 1342 daremus
610 1294 686 1362 544,
705 1297 755 1358 24
790 1276 955 1360 ἀπεδιῄτησέ
968 1304 1023 1359 μαι
1037 1283 1051 1340 ό
1066 1281 1204 1356 διαιτητὴς

102 1362 164 1444 περὶ
180 1359 217 1424 ὧν
231 1359 304 1424 οὗτοι
320 1361 477 1442 ἀδικάζοντό
488 1386 546 1442 μοι.
591 1363 724 1427 absolvit
740 1385 791 1426 me
809 1363 927 1428 arbiter
948 1362 989 1427 ab
1010 1362 1048 1426 iit
1068 1363 1205 1428 crimini·

101 1447 176 1524 bus,
191 1469 327 1533 quorum
341 1447 374 1510 hi
389 1469 440 1511 me
453 1446 676 1514 insimulabant
695 1469 790 1534 1013,
807 1468 859 1529 14.
896 1453 910 1512 δ
925 1451 1063 1526 διαιτητὴς
1076 1454 1107 1512 cti
1119 1475 1204 1512 κατι-

101 1533 209 1611 διαίτα,
229 1536 298 1597 ἀλλ’
320 1531 408 1596 dunois
429 1531 522 1619 ᾤχετο
544 1537 744 1612 ἀποδιαιτήσας
767 1536 933 1612 τούτουτὴν
954 1534 1063 1598 δίαιταν
1085 1536 1203 1621 ίσπέρας

102 1621 149 1696 ἤδη
165 1617 246 1695 οὔσης
263 1619 357 1703 1190,
374 1619 404 1682 8.
448 1622 487 1684 roi
500 1619 725 1698 ἀποδιαιτηθέντα
740 1645 795 1703 μου
811 1621 900 1695 λόσοις
914 1620 1049 1685 rescissis
1066 1619 1114 1699 iis,
1129 1644 1205 1708 quoe

102 1727 162 1792 pro
185 1727 236 1768 me
258 1705 465 1792 pronunciata
484 1706 610 1771 fueraut
635 1726 729 1788 1011,
756 1709 1016 1772 11.εάποδιαιτῖιν
1037 1706 1119 1781 τινός.
1148 1707 1204 1772 ali-

101 1813 199 1878 quem
214 1790 373 1856 absolvere
388 1793 418 1855 I.
438 1810 511 1871 111,
527 1811 556 1876 9.
1088 1845 1091 1850 .

146 1877 361 1962 ἀποδιατρίβιιν,
416 1876 507 1942 rdere
529 1893 654 1966 tempus
673 1878 779 1944 inutili
800 1878 979 1956 comotione,
995 1893 1053 1943 aut
1073 1892 1203 1944 conten·

103 1963 189 2028 tione
204 1962 235 2027 in
253 1964 346 2028 rebus
390 1962 466 2028 ienis
480 1961 531 2027 AE.
547 1985 603 2050 34,
621 1985 674 2049 29.

149 2051 302 2114 ἀποδιδόναι
317 2049 357 2127 ei,
372 2050 463 2137 cujus
477 2063 568 2129 esset,
582 2063 613 2114 et
629 2050 713 2115 unde
728 2050 900 2128 sumsisses,
916 2050 1087 2116 restituere.
1132 2051 1206 2114 οὐδόν

103 2161 152 2218 μοι
166 2141 239 2198 ποιεῖ
251 2143 305 2200 τῶν
320 2136 442 2215 δικαίαν,
457 2138 509 2200 οὐδ
524 2136 673 2200 ἀποδίδωσι
688 2139 720 2200 ri
735 2139 846 2200 δάνειον.
883 2158 946 2200 non
960 2134 1065 2200 reddit
1079 2158 1122 2200 aes
1135 2159 1206 2200 mu·

104 2237 198 2286 tuum
213 2245 234 2286 a
247 2243 297 2288 me
311 2221 369 2286 sibi
382 2222 536 2286 creditum
555 2241 631 2306 911,
649 2242 698 2286 10.
743 2221 781 2306 b)
798 2221 945 2298 tribuere,
960 2221 1067 2308 largiri
1088 2221 1206 2310 simpli-

103 2307 183 2372 citer
197 2307 288 2372 etiam
303 2307 347 2385 id,
363 2307 449 2396 quod
464 2307 568 2373 minus
581 2307 708 2387 debeas,
723 2323 761 2372 ut
775 2306 928 2395 accipiens
941 2306 974 2372 id
986 2330 1045 2394 pro
1055 2322 1138 2372 sorte
1148 2330 1206 2372 sua

105 2395 165 2458 sibi
180 2393 382 2458 conveniente
395 2393 523 2472 habent,
537 2407 652 2458 teneat.
696 2393 730 2457 ἀν
745 2397 793 2457 ιιαδ
811 2399 934 2458 ὁπωσοῦν
952 2393 1067 2478 μιτρίαν
1088 2400 1104 2470 ίη
1125 2393 1206 2470 φόσις

105 2479 169 2556 ὄψιν
184 2483 276 2564 ἀποδῷ
295 2482 389 2566 1383,
406 2497 458 2564 17.
502 2485 532 2562 0)
549 2479 707 2557 exhibere,
723 2481 905 2557 attribuere,
920 2478 1097 2567 persolvere
1119 2479 1207 2544 debi-

106 2581 187 2645 tum,
202 2581 350 2653 praestare
364 2566 409 2646 id,
426 2565 514 2652 quod
526 2580 558 2630 et
571 2565 623 2630 cui
640 2565 794 2645 dandum,
810 2565 1024 2653 praestandum
1043 2577 1122 2630 erat.
1166 2569 1206 2646 μὴ

105 2659 155 2729 τὴν
170 2653 266 2733 ὁμοίαν
280 2656 372 2726 αὐτοῖς
386 2653 472 2738 χάριν
486 2653 654 2726 ἀποδιδόντος
669 2655 744 2732 206,
763 2673 812 2738 15.
856 2650 958 2715 εὔνοιαν
971 2650 1032 2729 ίσην
1051 2650 1206 2715 ἀποδιδόναι

108 2742 183 2815 126,
202 2757 251 2801 10.
296 2741 346 2823 πρδ
361 2746 409 2802 τοῦ
422 2739 484 2812 τοὺς
499 2736 591 2822 ἀρνεοος
612 2739 758 2802 ἀποδοῦναι
776 2737 960 2825 priusquam
979 2735 1205 2825 jusjurandum

106 2823 249 2904 dixisset,
265 2824 353 2911 quod
366 2824 534 2889 dicendum
550 2823 608 2888 sibi
623 2839 703 2888 esset
718 2823 888 2888 necessario
903 2842 977 2907 134,
992 2838 1027 2907 5.
1071 2824 1103 2885 τδ
1116 2821 1206 2908 χάριν

106 2914 253 2974 ἀποδοῦναι
268 2911 432 2997 ταρανόμων
447 2910 541 2997 γράφη
557 2913 632 2994 267,
648 2913 681 2975 6.
715 2911 778 2984 τοὺς
791 2908 885 2997 όρκοος
898 2908 1011 2986 ἀποδοίη
1024 2911 1129 2982 adroic.
1152 2906 1208 2971 de·

107 2998 203 3062 ferret
213 2995 343 3084 jurandi
358 2995 566 3061 conditionem
582 3015 657 3082 443,
678 3016 727 3081 15.
764 3005 819 3060 τάν
834 2993 1007 3076 ιιιιιπημίιιιν
1021 2997 1053 3072 ἐξ
1066 2998 1206 3080 ἀρχῆςιῇ

107 3089 175 3166 γοῦν
191 3089 270 3170 ἑορτῇ
288 3084 448 3147 ἀπεδώκατε
464 3083 542 3146 οίναο.
579 3081 684 3169 utqui
699 3095 792 3146 antea
808 3080 1017 3170 possedissent
1039 3103 1077 3144 ea
1097 3101 1207 3143 rursus

109 3185 252 3233 tenerent
274 3191 331 3256 per
352 3168 419 3232 dies
439 3170 535 3232 festos
557 3167 676 3246 saltem,
692 3167 768 3254 ipsis
788 3166 985 3244 attribuistis,
1007 3164 1209 3253 adjudicastis

107 3258 184 3340 518,
203 3271 253 3338 ¹7·
297 3261 346 3334 rip
359 3257 425 3341 ὑπὲρ
439 3260 513 3336 ὑμῶν
526 3255 660 3352 τιμωρίαν
675 3255 787 3328 δικαίας
801 3259 865 3335 ὑμῖν
878 3253 1006 3334 φυλάξας
1020 3254 1068 3315 καθ
1083 3259 1128 3315 νῦν
1139 3256 1209 3314 ἀπο-

109 3339 229 3415 δεδαιιιοδς
251 3345 322 3422 ὑμῖν.
361 3340 513 3405 reservavi
533 3341 622 3404 vobis
643 3352 675 3404 et
696 3361 782 3405 nunc
795 3340 883 3405 vobis
905 3339 1002 3426 hujus
1018 3337 1102 3424 juria
1121 3359 1210 3400 exer-

108 3427 212 3507 cendi,
226 3425 258 3491 h.
271 3451 300 3491 e.
316 3446 419 3514 poenoe
433 3425 651 3513 exsequendae,
667 3425 789 3512 copiam
803 3425 875 3503 feci,
887 3440 923 3489 ut
933 3439 1079 3511 parerat,
1089 3423 1210 3509 quippe

132 3515 196 3579 uod
206 3515 263 3602 jus
277 3529 415 3578 vestrum
430 3527 510 3578 esset
523 3527 619 3600 atque
634 3510 722 3577 vobis
735 3511 904 3575 deberetur
916 3525 993 3594 517,
1008 3511 1039 3572 8.
1067 3512 1144 3591 παρὰ
1159 3513 1209 3569 τοῦ

109 3539 146 3682 ia
159 3603 334 3688 quonami)
350 3601 479 3684 προσήκει
495 3627 542 3684 μοι
557 3603 604 3677 τὴν
625 3596 761 3748 τνμορρίαν
782 3599 952 3673 ἀποδοθῆναι,
967 3591 1003 3657 ὧν
1024 3593 1142 3658 πότονθα
1163 3591 1211 3656 in·

106 3685 356 3772 juriarum'mihi
370 3687 545 3752 oblatarum
561 3707 670 3774 poenas
707 3683 819 3772 ependi
834 3702 910 3769 539,
927 3697 955 3764 7.
993 3685 1045 3754 πάς
1059 3681 1210 3754 ἐπιστολὰς

111 3779 160 3836 οὐκ
182 3773 347 3836 ἀποδίδωσιν
368 3773 455 3851 οὗτος,
472 3771 503 3846 ἀς
527 3772 613 3849 ἔλαβε
635 3773 699 3857 παρ’
716 3775 784 3854 ἐμοῦ
807 3789 951 3855 909,19.
995 3765 1148 3830 ἀποδιδόναι
1162 3767 1211 3842 τὴν

111 3865 193 3942 τιμὴν
217 3859 261 3923 rei
288 3859 426 3946 pretium
452 3858 628 3946 persolvere
658 3875 828 3942 1030,13.
872 3862 887 3932 ἡ
914 3853 987 3939 ιιίχη
1013 3855 1079 3937 πρὸς
1100 3853 1132 3913 ιδ
1147 3849 1212 3948 ,δίον

112 3945 224 4009 ἅπαντα
240 3944 450 4028 ὁμολογούμενα
465 3945 614 4008 ἀπίδοοκτν.
659 3942 772 4022 effecit,
787 3957 835 4020 ut,
852 3964 925 4028 quoe
939 3959 1115 4026 repugnare
1126 3935 1212 4000 vrde-

112 4047 233 4111 rentur,
250 4031 331 4096 inter
345 4054 378 4094 se
392 4031 489 4096 amice
503 4029 691 4117 conspirent,
706 4050 773 4116 quo
784 4027 830 4106 id,
864 4025 927 4090 uod
939 4037 1075 4113 oportet,
1085 4022 1213 4087 exsiste-

111 4133 159 4183 ret
186 4137 278 4202 1405,
297 4135 346 4184 10.
392 4117 429 4203 d)
445 4116 613 4204 assignme,
629 4115 793 4203 deputare,
808 4051 964 4200 deiegare,
979 4110 1142 4187 mandare,
1156 4107 1214 4172 ad-

108 4204 263 4290 judicare.
308 4209 330 4267 οί
345 4207 402 4278 τοῖς
410 4202 666 4280 'uir-imminui
680 4203 837 4264 ἀποδώσετε
855 4215 906 4282 27,
926 4219 953 4262 1.
998 4194 1091 4279 οόσπερ
1104 4199 1145 4280 τῷ
1159 4207 1213 4256 λα-

112 4293 170 4368 βεῖν
184 4292 338 4367 ἐκκλησίαν
352 4289 574 4372 ἀποδοδῶκαμεν,
591 4287 661 4352 οὕτω
676 4289 724 4351 nai
739 4287 799 4369 πορθ
814 4291 864 4349 τοῦ
876 4285 1070 4368 συνταχθῆναι
1089 4285 1163 4363 167,
1178 4282 1212 4344 6.

115 4377 145 4440 8.
189 4379 251 4452 τοὺς
267 4377 356 4462 ἐχθροὶ
370 4383 513 4449 ποιοῦντας
529 4379 556 4438 ἀν
572 4377 669 4460 ἐχθροῦ
683 4373 770 4460 μοίρᾳ
789 4371 917 4452 οιολάζοιν
938 4370 1077 4432 ἀσίδσοκον
1098 4372 1112 4429 ὁ
1134 4366 1214 4448 νόμος

113 4462 267 4550 permisit,
279 4475 347 4547 aut,
359 4462 414 4550 jus
428 4460 572 4526 debitum
586 4458 723 4525 reddidit
737 4459 814 4545 638,
831 4458 861 4520 6.
905 4460 929 4520 τί
947 4459 991 4537 μὴ·
1004 4452 1144 4530 ἀπιίσθητι
1164 4453 1214 4514 ναί

635 4565 693 4632 ¹¹3
