3009 4992
282 236 341 300 108
743 238 902 303 INDEX
934 293 939 301 .

277 406 407 475 disceie.
432 413 468 472 τά
490 410 554 495 παρ’
571 412 636 491 ίμόὖ
653 408 751 473 ’δίκαιον
772 410 867 473 πάντα
887 409 1060 491 ἀπνιλῆφατε
1082 408 1137 471 AE.
1154 427 1208 492 17,
1223 412 1278 494 36.
1321 416 1380 472 τάν

277 495 525 581 σιοωῷρονημίνων
551 498 577 557 ἐν
599 500 640 580 τῷ
668 498 722 581 βίῳ
744 522 792 576 μοι
838 496 899 582 ἀριν
927 493 1109 573 ἀπειλνῷίναι
1132 495 1245 577 νομίζω,
1269 494 1382 559 videor

278 581 353 645 mihi
382 580 514 667 gratiam
543 594 572 645 et
603 580 768 669 praemium
795 522 902 647 tffiisse
929 580 1060 669 pudoris
1081 580 1159 668 ejus,
1186 602 1282 667 quem
1310 594 1382 646 tota

277 668 343 732 vita
365 666 464 731 tuitus
485 689 567 747 sum,
589 668 795 755 omniumque
820 667 978 755 pudenter
998 690 1018 731 a
1038 688 1089 731 me
1118 666 1311 754 honesteque
1331 667 1383 731 fa-

277 768 400 819 ctorum
418 754 539 832 18,11.
585 754 676 840 λύτρα
693 755 917 836 ἀπολαμβάνειν,
932 776 1127 841 recuperare,
1144 771 1197 838 29,
1211 770 1267 840 37.
1287 786 1294 807 ⁴·
1308 758 1383 817 ἀπν-

278 840 434 923 λαμβάνιιν
456 839 541 923 λόγον
562 848 616 903 τάν
638 840 831 923 ἀννλωμίνων,
851 853 1002 927 repetere,
1017 839 1142 926 exigere
1160 840 1326 919 rationem,
1342 854 1383 904 ut

279 949 336 991 nos
357 948 485 1014 quoque
509 948 709 1013 usurpamus,
731 936 762 991 to
782 926 918 990 demand
937 949 982 991 ονι
1000 934 1132 991 account
1153 941 1208 1009 57,
1222 946 1277 1006 40.
1310 927 1381 1011 παρ’

279 1014 392 1078 ἐνεόντων
407 1020 460 1075 τῶν
474 1014 618 1091 Ἑλλήνων
633 1016 786 1090 ἀπολαβεῖν
803 1018 851 1089 τὴν
869 1012 1018 1097 ἡγεμονίαν
1033 1014 1087 1092 61,
1101 1033 1131 1096 3.
1176 1014 1227 1074 ὁδ’
1240 1013 1383 1090 Ἀλέξαν-

278 1102 338 1186 δςος
364 1098 564 1180 ἀπειλημμένος
586 1097 616 1176 ἦν
645 1102 672 1161 ἀν
703 1096 833 1184 Κιλικίᾳ,
862 1098 1064 1185 interceptus,
1093 1110 1212 1184 septus,
1238 1096 1383 1163 inclusus

280 1201 334 1269 77,
359 1205 390 1270 9.
436 1184 597 1262 ἀπολάβετε
621 1185 667 1247 τάν
693 1185 778 1266 λόγον
799 1186 864 1272 παρ’
887 1189 973 1249 αὑτοῦ
992 1189 1097 1258 ἐκείνως
1120 1200 1175 1267 77,
1190 1184 1382 1269 38.=recu·

279 1292 399 1357 perere.
435 1274 483 1333 οὐκ
503 1272 647 1347 ἀπέλαβον
671 1269 691 1332 ἀ
717 1271 856 1335 ίδάνειοαν
881 1272 911 1335 Ι.
929 1286 985 1356 55,
1008 1272 1040 1335 8.
1079 1274 1130 1333 οὖν
1151 1270 1305 1347 ἀπολαβὼν
1328 1275 1383 1349 τὴν

277 1360 377 1443 προῖκα
402 1355 465 1435 ἀοην
488 1356 569 1419 ίδωκε
590 1359 643 1441 69,
662 1377 716 1442 30.
749 1373 802 1442 73,
820 1359 871 1421 16.
904 1375 957 1440 77,
971 1356 1281 1443 56.-.πάπολοιμβοίνειι
1300 1356 1383 1441 χρία

278 1458 342 1507 tera
355 1441 462 1507 debita
475 1441 628 1527 redigere,
643 1452 674 1506 to
683 1452 742 1530 get
756 1445 792 1507 io
806 1443 892 1507 dedis
906 1447 973 1508 An.
990 1462 1043 1526 15,
1060 1462 1113 1509 10.
1141 1446 1180 1503 τὰ
1193 1446 1253 1526 γὰρ
1267 1442 1381 1530 σφέτερ’

278 1532 369 1592 αὐτῶν
383 1532 415 1591 itt
431 1535 475 1604 τῆς
492 1528 632 1614 ὑπερορίας
648 1533 696 1591 οὐκ
707 1529 919 1607 ἀπολαμβάνειν
934 1530 987 1606 18,
1006 1548 1055 1592 10.
1078 1526 1122 1592 nil
1139 1526 1293 1614 expressis
1309 1550 1383 1592 ver-

277 1614 327 1679 bis
340 1630 467 1679 cautum
484 1614 523 1677 sit
537 1614 577 1678 de
591 1614 792 1679 restituendis
804 1614 906 1694 bouis,
921 1614 946 1678 si
959 1636 1033 1701 quae
1043 1614 1165 1679 civibus
1174 1613 1380 1678 Atheniensi-

278 1700 338 1765 bus
353 1701 386 1765 in
401 1700 466 1765 solo
480 1713 588 1764 extero
602 1713 715 1774 essent,
731 1722 788 1787 per
806 1700 924 1766 beilum
941 1702 1064 1780 amissa,
1079 1698 1142 1779 vel,
1157 1699 1244 1787 quod
1258 1698 1379 1779 malim,

278 1785 319 1851 de
333 1786 447 1851 debitis
463 1785 630 1861 diluendis,
646 1808 720 1873 quae
740 1786 851 1851 incolae
872 1787 929 1851 soli
949 1786 1118 1875 peregrini,
1132 1785 1244 1850 ditioni
1257 1785 1383 1852 Atticae

279 1894 341 1936 non
356 1871 496 1950 obnoxii,
516 1896 535 1935 a
559 1872 602 1936 ud
621 1872 631 1935 i
656 1895 715 1950 sos,
735 1873 818 1937 cives
833 1873 1048 1951 Athenienses,
1063 1871 1298 1937 contraxissent.
1334 1876 1394 1959 (ff

280 1959 363 2022 witot
377 1959 466 2022 ancil
480 1966 538 2023 tot
585 1959 629 2022 At
688 1962 762 2024 ione
776 1982 841 2024 was
854 1982 877 2023 a
889 1982 954 2024 com
998 1970 1039 2039 ct,
1050 1962 1087 2023 ἱνι
1101 1958 1200 2023 which
1215 1959 1301 2022 there
1311 1980 1382 2024 was

278 2066 321 2109 νιο
334 2046 532 2132 semilatino,
553 2044 622 2109 ctat
643 2045 847 2134 thesoreigu
863 2068 946 2111 merc
1023 2068 1040 2110 ν
1060 2044 1172 2119 νάοαάί
1192 2045 1228 2109 te
1247 2045 1318 2108 teta
1338 2066 1382 2109 or

277 2131 482 2196 admonislaed
495 2132 536 2218 by
551 2130 600 2195 the
612 2132 800 2197 authorities
813 2155 833 2195 o
861 2133 935 2196 οαοίι
943 2134 1046 2219 ploce,
1059 2140 1090 2196 to
1103 2131 1222 2217 antip&
1235 2132 1312 2195 arach
1326 2132 1383 2195 de-

278 2218 402 2295 motsds,
417 2240 455 2281 os
469 2218 540 2301 they
557 2217 621 2299 (tlte
635 2218 796 2282 Athenion
846 2220 945 2304 alara)
960 2218 1026 2282 laad
1042 2240 1130 2305 upon
1147 2216 1382 2305 thoresoreign

279 2304 400 2368 dealers
410 2307 426 2367 Ρ
431 2334 463 2363 =
470 2304 608 2391 accipere
623 2303 654 2367 id
670 2304 758 2391 quod
773 2304 830 2369 tibi
844 2304 1007 2369 debeatur.
1039 2304 1240 2385 ἀπελάμβανον
1253 2304 1316 2378 τοὺς
1331 2304 1380 2368 ro'-

280 2414 342 2464 κονς
355 2391 394 2454 L.
409 2390 480 2468 118,
497 2393 545 2454 16.
570 2389 658 2475 χάριν
676 2393 748 2468 160,
758 2410 777 2476 3
780 2390 1066 2477 5.’;ἀπολαμβάνειν
1077 2390 1218 2477 ἀργιίρνον,
1230 2388 1379 2469 aufferre,

272 2475 429 2563 accipere,
444 2498 626 2563 recuperare
645 2500 688 2540 aes
702 2490 816 2541 mutuo
829 2477 939 2541 datum
956 2478 1019 2565 Ly.
1039 2494 1111 2561 151,
1126 2477 1381 2562 3.-.-ἀπολαμβά-

279 2588 331 2625 νειν
345 2568 392 2636 τῆς
407 2562 547 2646 θεραπείας
561 2566 608 2639 τὴν
621 2563 708 2649 χάριν
724 2564 785 2626 De'.
803 2564 876 2641 180,
894 2582 947 2627 21.

322 2648 470 2711 ἀπολαύειν
486 2653 532 2722 τῆς
549 2656 603 2712 τῶν
617 2648 848 2731 ἐναντιωσομένων
862 2652 974 2734 ἐρημίας
990 2650 1043 2727 81,
1061 2666 1113 2734 23.
1135 2646 1224 2712 abuti
1239 2670 1327 2712 suam
1343 2649 1379 2713 in

279 2756 344 2798 rem
360 2756 466 2798 eorum
482 2734 632 2813 absentia,
648 2734 743 2820 quisi
760 2736 913 2813 adessent,
932 2734 1138 2823 repugnaturi
1158 2734 1230 2798 sint.
1258 2743 1314 2798 τῶν
1333 2738 1379 2798 δι-

279 2820 364 2883 καίαν
374 2822 450 2908 jura
463 2843 520 2884 sua
535 2822 626 2899 tueri,
643 2844 798 2898 exercere,
813 2822 937 2886 fructus
955 2843 1063 2885 eorum
1076 2820 1237 2908 percipere
1252 2821 1328 2898 118,
1342 2836 1378 2907 5.

278 2912 326 2981 τῆς
340 2912 442 2981 σιωπῆς
456 2906 544 2972 abuti
560 2907 682 2971 silentio
696 2907 851 2973 concionis
870 2906 960 2972 maiis
979 2908 1043 2972 suis
1061 2920 1267 2971 consternatae
1279 2920 1380 2993 atque

279 2992 408 3079 dejectae
422 2993 463 3057 ad
474 2992 710 3058 declamandum
723 3007 756 3058 et
770 2994 891 3058 afflictis
903 2993 1118 3059 insultandum
1133 3010 1210 3078 579,
1227 3011 1279 3077 23.
1302 2996 1381 3070 ίξου-

280 3079 344 3152 σίας
360 3078 435 3156 681,
453 3098 484 3145 2·
528 3079 991 3165 ῐῆςῆμετίραςεῦηθείας717,1.
1014 3102 1087 3144 cum
1104 3079 1291 3143 accusativo.
1322 3083 1381 3142 ἀπ-

281 3162 390 3227 ίλανοα
406 3171 498 3227 ταῦτα
520 3165 577 3249 1γά
596 3172 643 3239 τῆς
660 3168 724 3249 πρὸς
745 3172 841 3228 τοῦτον
860 3166 1010 3240 κοινωνίας.
1033 3165 1122 3253 quasi
1137 3165 1268 3229 dixisset
1282 3170 1379 3227 ταῦτα

280 3248 383 3327 ίλαβον
406 3251 460 3312 ἀπὸ
483 3254 531 3325 τῆς
550 3276 582 3314 π.
599 3275 625 3313 τ.
642 3278 668 3313 ν.
694 3268 790 3332 1174,
809 3250 1062 3315 υίῑ..τάπολαῦειν
1083 3258 1131 3327 τῆς
1155 3254 1226 3326 τινός
1249 3252 1381 3330 εὐηθείας,

279 3334 409 3399 tondere
423 3335 576 3401 oviculam
597 3358 735 3416 auream,
751 3360 791 3401 ex
813 3336 941 3402 alterins
962 3336 1158 3425 simplicitate
1179 3351 1212 3401 et
1230 3335 1380 3401 tarditate

279 3422 417 3487 fmctum
441 3422 609 3531 percipere,
629 3423 779 3489 ditescere
794 3426 849 3488 Ε.
865 3426 897 3503 8,
911 3426 966 3510 38.
1011 3424 1158 3488 ἀπολαύοι
1173 3426 1222 3487 καὶ
1235 3424 1382 3503 ίμπιπλά.

278 3533 357 3590 μενος
373 3514 419 3585 τῆς
434 3512 571 3591 δεδομενης
590 3513 632 3589 ἀφ’
649 3515 723 3590 ὑμῶν
744 3514 821 3595 αὐτῷ
838 3514 974 3589 ἔξουσίας,
987 3511 1120 3575 abutens
1134 3523 1167 3574 et
1180 3508 1381 3595 ingurgitans

279 3616 344 3658 sese
368 3595 529 3681 usquead
553 3596 724 3661 satietatem
752 3611 784 3660 et
803 3595 965 3661 fastidiunt
991 3609 1145 3683 potestate
1168 3596 1227 3683 ipsi
1251 3594 1381 3660 anobis

279 3680 421 3763 611171,
441 3684 564 3765 15.κού
584 3687 672 3767 μικροί
692 3690 746 3745 τῶν
765 3684 920 3768 χρημάτων
942 3687 1115 3747 ἀπολαῦσαι.
1144 3682 1185 3747 de
1206 3695 1310 3746 tutore
1324 3704 1382 3745 ne·

279 3788 386 3851 quam,
408 3766 519 3853 pupilli
540 3768 624 3831 bona
641 3783 787 3854 carpente
805 3771 836 3832 I.
857 3771 911 3855 63,
929 3789 981 3855 31.
1017 3770 1063 3833 ίνα
1076 3772 1112 3842 ὥς
1127 3771 1273 3854 ὲλάχιοτα
1287 3772 1382 3831 αὐτῶν

279 3850 450 3927 ἀπολαάητὶ.
475 3868 512 3916 ut
528 3853 672 3917 aerarium
692 3870 831 3919 vestrum
852 3855 927 3918 inde
947 3855 1087 3920 fructum
1108 3854 1261 3942 percipiat
1281 3876 1382 3967 puam

279 3936 443 4001 minimum
462 3938 513 4022 89,
530 3941 561 4003 6.
579 3937 647 4024 [17,
665 3941 805 4028 8·]=fis
824 3942 927 4005 radron
949 3946 1045 4026 ἀρετῆς
1066 3944 1099 4005 ri
1120 3940 1180 4005 ἰὀον
1201 3945 1258 4016 τοῖς
1278 3956 1383 4012 αλλοις

280 4024 446 4087 ἀπέλαυσαν
461 4026 502 4088 L.
522 4043 594 4109 179,
609 4046 662 4107 40.
703 4028 888 4102 deuteriam,
902 4036 956 4091 τῶν
970 4034 1017 4103 τῆς
1032 4028 1137 4102 πόλεως
1152 4032 1286 4113 εὐτυχιῶν
1303 4045 1382 4113 151,

281 4134 312 4196 9.
335 4114 382 4185 τῆς
397 4112 506 4187 ἡλικίας
522 4115 605 4188 αὐτῆς
620 4114 768 4176 ἀπολαύων
782 4114 824 4177 fr.
842 4132 872 4191 1,
890 4114 921 4177 8.

281 4226 284 4233 ·
324 4196 479 4259 ἀπολείπειν
489 4197 641 4277 deserere,
655 4214 690 4263 ut
703 4222 783 4263 uxor
793 4199 1185 4271 1111111111.,ἀπολελοιπνῖαν
1196 4204 1244 4278 τὴν
1254 4203 1384 4285 γυναῖκα

281 4284 356 4365 865,
373 4283 403 4344 6.
426 4294 458 4347 et
473 4298 508 4348 ut
523 4300 628 4349 nautae
643 4308 766 4351 navem.
797 4287 986 4369 ἀθυμήσαντες
1005 4294 1029 4350 ai
1049 4288 1148 4350 πολλοὶ
1163 4293 1213 4351 τοῦ
1224 4285 1383 4370 πληρῶμα·

280 4394 325 4442 τος
341 4366 448 4453 ᾤχοντο
463 4373 510 4439 τὴν
524 4378 588 4434 ναῦν
602 4373 782 4446 ἀπολιπόντες
800 4392 937 4450 1111,1.
968 4374 1005 4453 b)
1020 4373 1178 4461 reliquum
1192 4372 1251 4437 sibi
1265 4373 1380 4437 facere.

279 4453 309 4519 τί
322 4460 369 4533 τῆς
384 4454 510 4541 ίοχάτης
524 4455 625 4541 ὕβρεως
640 4459 802 4535 ἀπολείπεις
824 4480 920 4547 quam
937 4458 1055 4526 omittit
1075 4473 1247 4525 extremam
1268 4472 1384 4525 contu-
