3009 4992
487 215 814 284 cnmcmmrs.
1155 221 1195 304 ι,

97 403 175 470 714,
203 405 253 454 12.
296 389 346 466 τὴν
368 383 508 470 ἀείάοσιν,
528 390 787 471 numerationem,
810 391 1031 479 depensionem
1051 392 1123 458 tetis
1143 393 1198 460 de-

95 473 166 538 biti.
204 478 241 548 είς
256 477 354 538 ἐκεῖνον
367 474 447 557 μένον
460 475 600 562 ἀναφέρει.
644 477 734 544 illum
747 477 851 544 solum
864 477 910 544 ait
922 477 1110 558 interfuisse,
1124 503 1197 546 011111

95 583 140 626 tes
154 559 331 626 relueretm
345 579 421 648 920,
438 565 488 628 26.
532 571 587 627 τάν
602 569 638 638 είς
652 567 736 648 μῦθον
750 566 948 650 ἀνηνεγμέναν,
962 588 1037 654 quae
1058 566 1100 630 sd
1121 579 1199 632 tem-

95 669 176 734 pora
188 645 333 713 fabulosa
346 647 537 727 referuntur,
552 649 585 714 in
599 650 715 716 fabulis
729 666 943 717 numerantur.
987 658 1026 716 τά
1041 656 1134 730 ἀκτῆς
1153 658 1199 717 έν-

97 733 220 810 κλησίας
235 733 425 818 ἀνενεγκόντες
439 751 527 822 gesta
541 735 574 800 in
593 736 740 802 concione
762 760 834 804 cum
854 737 896 802 ad
914 751 1057 803 senatum
1076 739 1200 804 retulis-

96 834 176 884 sent.
222 822 281 884 otti
295 823 354 904 γάρ
369 821 471 898 ταύτην
486 822 619 900 λαβόντες
634 823 800 910 ἀναφέρουσι
814 846 854 888 ne
869 824 950 888 hanc
967 824 1096 912 quidem
1113 827 1199 914 (phi-

96 904 195 992 alam)
211 905 244 970 in
259 929 386 972 censum
401 907 551 989 inferunt,
567 909 598 972 h.
611 933 640 976 e.
655 925 900 975 commemorant
913 911 946 975 in
961 911 1138 976 recensione
1152 937 1200 977 re-

95 991 258 1102 liquarum
280 1015 387 1057 rerum
414 1013 575 1082 103o,13.
601 1015 763 1081 1031,11.
808 997 932 1084 ἀνέφερεν
950 1002 986 1072 εἰς
1008 999 1055 1060 τὸν
1072 1000 1200 1083 Ἀφαρέα

97 1095 190 1164 λογῳ,
205 1078 319 1162 ὀφείλων
333 1079 414 1154 αὐτὸς
428 1085 467 1144 νά
482 1083 566 1158 σκεύη
579 1087 614 1167 τῇ
626 1083 717 1148 πέλει.
762 1107 835 1170 quae
849 1098 1043 1149 armamenta
1054 1083 1130 1171 reip.
1145 1084 1200 1150 de·

98 1165 195 1230 bebat
209 1165 287 1252 ipse,
299 1165 483 1252 negabatea
494 1167 580 1232 abA
604 1167 699 1234 hareo
708 1169 872 1256 accepisse,
885 1171 936 1258 eju
977 1193 1016 1234 ue
1026 1171 1199 1236 socordiam

96 1251 329 1340 praetendebat,
344 1252 398 1316 sed
413 1253 492 1317 falso
511 1189 604 1334 114AE
623 1257 674 1334 16,
721 1257 756 1340 b)
770 1195 976 1344 pdstinmdd
986 1256 1067 1320 vires
1085 1257 1199 1336 redire,

97 1337 313 1403 convalescere
334 1338 419 1404 velut
441 1363 460 1404 a
483 1339 602 1418 morbo,
626 1341 790 1428 vertigine,
810 1342 949 1428 crapula,
964 1357 1032 1421 aut,
1049 1357 1085 1407 ut
1103 1344 1160 1430 qui
1181 1367 1200 1409 e

97 1424 262 1513 profunda
275 1425 424 1512 voragine
446 1425 600 1492 eluctatus
620 1427 672 1492 sit.
717 1432 765 1491 έάν
783 1428 1003 1513 δ’ἀνννέγκαοιν
1024 1428 1081 1514 ἀρα
1097 1437 1121 1493 ot
1138 1435 1200 1508 Θη.

98 1515 178 1592 βαῖοι
192 1512 241 1574 καί
255 1513 364 1576 σαίῶσι
378 1513 426 1575 καί
440 1518 479 1595 μὴ
493 1511 600 1577 πέσωσι
617 1531 691 1593 210,
710 1515 892 1601 13.--χίλια
911 1515 1041 1579 τάλαντα
1063 1515 1202 1598 νομίσμα.

98 1623 147 1672 τος
163 1596 310 1685 (signatae
328 1598 485 1685 pecuniae)
507 1598 699 1684 ἀνηνέγκαμεν
716 1605 755 1674 είς
778 1605 826 1680 τὴν
843 1600 994 1686 ἀκρόπολιν
1008 1600 1062 1678 AE,
1076 1617 1131 1686 51,
1149 1621 1166 1665 2
1167 1617 1199 1687 5.

99 1703 157 1770 31.
203 1683 346 1769 ἀναφέρειν
360 1688 436 1772 αὐτῷ
450 1694 504 1749 τῶν
518 1686 674 1766 λημμάτων
688 1690 725 1749 τά
739 1688 809 1775 μέρη
825 1703 879 1770 74,
896 1686 955 1751 ult.
997 1688 1142 1773 ἀναφέρειν
1156 1689 1202 1752 ἀτί

100 1793 164 1834 τινα
180 1771 273 1844 αίτίοες
288 1771 342 1850 84,
355 1774 501 1857 36.ετῆς
516 1773 624 1850 κηλῖδος
638 1777 675 1847 είς
689 1777 763 1855 ιἰμάς
781 1772 981 1860 ἀναφερομένης
995 1776 1042 1837 Α.
1058 1793 1131 1859 123,
1145 1792 1200 1855 42.

101 1859 152 1919 otia
173 1855 248 1919 ε’στιν
271 1855 329 1918 ὅσοι
352 1883 394 1932 τις
412 1857 447 1921 ἀν
469 1863 517 1936 τὴν
539 1857 681 1944 ἀμαρτίαν
703 1858 858 1943 ἀνενεγκάν
878 1861 1054 1923 ἀπολύσαιτο
1079 1879 1152 1940 140,
1168 1875 1200 1946 5.

105 1959 180 2024 142,
201 1943 416 2029 6.εάναφε’ρειν
433 1943 575 2028 χρήματα
596 1948 632 2017 είς
654 1949 702 2022 τὴν
723 1946 871 2030 ἀκρέτολιν
886 1947 954 2010 Α11.
970 1965 1055 2027 24,1
1082 1962 1197 2028 .27.=

100 2027 246 2112 ἀναφέρειν
264 2032 312 2108 τὴν
334 2029 427 2093 αίτίαν
442 2034 477 2103 είς
497 2029 601 2104 ἀλλους
616 2030 655 2093 L.
701 2030 738 2105 είς
757 2035 809 2106 τάς
827 2030 983 2116 ἀπολογίας
1005 1968 1108 2096 evodo
1131 2052 1203 2116 127,

101 2133 158 2201 32.
173 2115 284 2179 Tati..
313 2137 379 2180 rem
394 2113 501 2202 aliquo
515 2116 641 2195 referre,
656 2139 782 2181 causam
796 2116 847 2181 vel
860 2115 986 2204 culpam
996 2116 1089 2184 alicui
1099 2117 1203 2206 impu-

103 2217 172 2266 tare
190 2219 262 2280 122,
277 2205 329 2287 36.
374 2205 422 2279 τὴν
438 2201 530 2267 οιίτίαν
548 2207 584 2278 τίς
604 2203 718 2278 έκείνους
738 2202 863 2290 ἀνέφερον
885 2207 958 2285 164,
971 2223 1027 2287 42.
1070 2205 1202 2288 ἀναφερο.

103 2287 190 2370 μένοις
203 2292 256 2370 ἀρῶ
268 2290 320 2362 τάς
334 2285 490 2372 ἀπολογίας
506 2293 541 2363 τίς
557 2291 670 2364 έκείνους
688 2295 761 2367 126,
778 2306 809 2373 7.
829 2310 901 2376 134,
915 2310 969 2374 43.
1006 2295 1031 2353 οί
1049 2288 1134 2355 ἄλλοι
1154 2295 1203 2366 τῆς

99 2379 196 2438 αὐτῶν
210 2377 300 2459 ἀρχῆς
321 2379 397 2438 κατὰ
417 2377 580 2458 πρυτανείαν
602 2376 686 2458 λόγον
708 2377 871 2463 ἀναφέρουσι
894 2375 1054 2453 exhibent,
1067 2375 1133 2440 scil.
1147 2380 1203 2452 τοῖς

104 2465 256 2544 λογισταῖς
273 2461 346 2546 183,
362 2459 602 2547 26.πάναφέρειν
614 2463 719 2538 στήλην
734 2465 771 2536 τίς
784 2461 934 2547 ἀκρόπολιν
949 2464 990 2526 D.
1010 2462 1084 2541 108,
1094 2462 1127 2526 8.
1156 2462 1204 2542 φέ-

103 2571 168 2697 ροές
181 2550 219 2621 εἷς
233 2553 298 2634 ἀκρ.
314 2563 369 2633 95,
384 2548 416 2612 6.
438 2545 480 2620 τίς
495 2547 664 2625 *ἀνένεκται
679 2551 713 2634 τῇ
729 2548 780 2634 θεῷ
795 2549 898 2632 κόσμος
912 2553 949 2625 τίς
963 2550 1113 2636 ἀκρόπολιν
1130 2567 1203 2628 102,

104 2651 125 2700 2
151 2679 161 2697 a
590 2677 596 2688 .

105 2719 1205 2881 .?t†.tt⁶f.ttt³⁶⁰’.i.f‘f“dl¹n;ssioet’tnitiiittifft‘³¹¹⁰

106 2893 158 2975 pit
180 2892 332 2978 ῥᾳστώνην,
355 2829 461 2976 ι’ίριαφάΞ
482 2892 507 2957 εί
526 2919 553 2956 τι
575 2893 696 2978 γένοιτο,
716 2834 856 2978 diagonia
876 2913 953 2979 301,
970 2912 1023 2974 24.
1066 2835 1205 2979 ἀνοίφοαρμάί

106 2977 219 3052 έκείνοις
233 2977 300 3041 είναι
315 2980 374 3066 τερί
394 2987 449 3043 τῶν
468 2979 624 3066 χρημάτων
644 2983 680 3053 είς
701 2981 764 3054 τοὺς
783 2980 912 3064 έχοντας.
955 2977 1046 3044 licere
1067 2978 1143 3078 ipsis
1163 2977 1204 3044 ad

103 3085 172 3142 eos,
184 3087 281 3151 penes
294 3087 374 3152 quos
387 3063 441 3129 illa
458 3065 542 3130 bona
561 3063 633 3144 sint,
646 3087 817 3144 recurrere,
831 3064 873 3129 ab
890 3064 990 3152 iisque
1009 3064 1206 3131 relurtionem

107 3163 249 3236 repetere
264 3169 340 3236 704,
356 3151 581 3215 8.;κατέλιτον
595 3156 686 3226 αὐτοῖς
700 3156 748 3231 τὴν
769 3157 805 3226 είς
822 3155 853 3215 τὸ
873 3155 974 3231 ἀφανές
992 3156 1144 3240 ἀναφορὰν,
1158 3174 1208 3215 re-

106 3235 247 3324 fuffl'um,
263 3250 423 3326 receptum
438 3237 480 3302 ad
494 3236 711 3302 inficiationem
726 3239 808 3336 ejus,
821 3236 909 3336 quod
919 3237 978 3302 sibi
988 3237 1207 3303 absconditum

106 3321 142 3386 in
158 3323 270 3387 animis
284 3322 348 3388 suis
361 3337 580 3403 reservassent,
594 3337 626 3388 et
640 3323 725 3410 quod
741 3346 774 3387 m
793 3345 908 3404 ammo,
922 3345 995 3388 cum
1013 3324 1206 3402 habuissent,

107 3408 256 3474 habuisse
271 3425 374 3475 tamen
388 3411 479 3499 argui
495 3433 557 3476 non
572 3424 709 3498 possent,
719 3409 904 3492 (reservatio
912 3409 1069 3496 mentalis)
1083 3411 1138 3474 AE.
1153 3431 1208 3492 41,

106 3515 164 3576 41.

154 3585 290 3664 ἀναφῦναι
306 3583 378 3648 vide
393 3581 561 3650 ἀνάττεσίαι
579 3583 633 3648 AE.

153 3669 347 3754 ἀνακαινίζειν
365 3667 527 3756 repeilere,
542 3685 693 3748 evertere,
707 3668 796 3757 quod
818 3690 954 3756 pronum
977 3667 1126 3746 decurrit,
1142 3689 1209 3732 sur·
1291 3705 1296 3713 ·

109 3753 230 3818 sunnin
245 3756 380 3821 arduum
396 3755 549 3842 redigere.
593 3755 714 3840 ίςιτρῶτις
730 3754 867 3842 τρίφασις
886 3757 935 3818 καί
956 3754 1056 3842 μικρὸν
1075 3758 1209 3836 τταῐσμα

109 3841 205 3904 ννάντα
220 3842 386 3928 ἀνεχαίτισε
400 3843 448 3906 καὶ
463 3841 571 3906 διέλυον
588 3861 640 3919 20,
658 3858 708 3926 27.
752 3841 879 3930 proprie
898 3840 939 3904 de
958 3839 1056 3905 onmis
1076 3840 1209 3905 ductum

109 3940 170 4007 est,
186 3926 309 4014 pilisve,
325 3928 381 4016 qui
395 3951 415 3992 a
428 3927 530 3992 cauda
542 3927 684 3992 animalis
699 3950 807 3992 versus
820 3927 955 3992 cervices
968 3941 1053 3992 retro
1070 3941 1210 4012 aguntur

109 4035 221 4093 manu,
237 4029 293 4080 ant
310 4014 472 4080 iracundia
492 4027 648 4078 terroreve
669 4013 864 4101 arriguntur,
879 4025 1059 4100 assurgunt.
1089 4035 1121 4078 v.
1135 4013 1211 4078 Phi·

110 4099 233 4165 lostrat.
248 4125 281 4188 p.
295 4104 369 4178 706,
388 4120 439 4181 14.
456 4101 531 4188 835,
547 4115 578 4184 7.
601 4101 676 4187 863,
694 4120 746 4183 29.

155 4188 354 4274 ἀναχαννιίειν]
380 4186 592 4273 ἀνακεχωκότες
615 4192 664 4265 τὴν
690 4191 747 4251 ὁδὸν
772 4208 844 4250 cum
869 4185 1036 4251 ruderibus
1057 4185 1213 4273 congestis

109 4273 195 4338 viam
211 4273 371 4362 publicam
386 4273 658 4362 exaggeravissent
675 4290 770 4358 1279,
786 4291 835 4337 20.

156 4363 315 4447 ἀναχωρεῖν
340 4359 472 4426 domum
496 4359 580 4424 unde
604 4374 744 4438 venerat,
763 4382 798 4423 se
822 4356 972 4445 recipere,
997 4357 1039 4423 de
1055 4357 1146 4422 hoste
1164 4357 1215 4443 fu-
1310 4359 1316 4366 '

111 4445 231 4532 giente,
242 4461 274 4512 et
289 4447 321 4512 in
337 4447 471 4534 patriam
487 4446 677 4533 remigrante
696 4447 757 4520 τοὺς
776 4451 994 4532 ἀναχωροῦντας
1009 4447 1041 4508 έκ
1056 4449 1214 4508 Πλαταιῶν
1330 4540 1339 4552 .
