<?xml version="1.0" encoding="UTF-8"?>
<!DOCTYPE html PUBLIC "-//W3C//DTD XHTML 1.0 Transitional//EN"
    "http://www.w3.org/TR/xhtml1/DTD/xhtml1-transitional.dtd">
<html xmlns="http://www.w3.org/1999/xhtml" xml:lang="en" lang="en">
 <head>
  <title>
</title>
<meta http-equiv="Content-Type" content="text/html;charset=utf-8" />
  <meta name='ocr-system' content='tesseract 3.04.00' />
  <meta name='ocr-capabilities' content='ocr_page ocr_carea ocr_par ocr_line ocrx_word'/>
</head>
<body>
  <div class='ocr_page' id='page_1' title='image "./missing/indicesgraecita01mitcgoog/indicesgraecita01mitcgoog_0250.png"; bbox 0 0 3009 4992; ppageno 0'>
   <div class='ocr_carea' id='block_1_1' title="bbox 281 240 916 327">
    <p class='ocr_par' dir='ltr' id='par_1_1' title="bbox 281 240 916 327">
     <span class='ocr_line' id='line_1_1' title="bbox 281 240 916 327; baseline -0.003 -16"><span class='ocrx_word' id='word_1_1' title='bbox 281 240 344 327; x_wconf 75' lang='lat'><strong>238</strong></span> <span class='ocrx_word' id='word_1_2' title='bbox 757 242 916 309; x_wconf 77' lang='lat' dir='ltr'><strong>innan</strong></span> 
     </span>
    </p>
   </div>
   <div class='ocr_carea' id='block_1_2' title="bbox 280 411 1391 1518">
    <p class='ocr_par' dir='ltr' id='par_1_2' title="bbox 280 402 1391 587">
     <span class='ocr_line' id='line_1_2' title="bbox 324 411 1391 501; baseline 0.002 -24"><span class='ocrx_word' id='word_1_3' title='bbox 324 416 476 500; x_wconf 70' lang='grc' dir='ltr'><strong><em>διεεηοηηεῖν</em></strong></span> <span class='ocrx_word' id='word_1_4' title='bbox 489 416 523 501; x_wconf 74' lang='grc' dir='ltr'><strong><em>τῇ</em></strong></span> <span class='ocrx_word' id='word_1_5' title='bbox 538 412 619 501; x_wconf 78' lang='grc' dir='ltr'><strong><em>οθσίηε</em></strong></span> <span class='ocrx_word' id='word_1_6' title='bbox 633 422 760 499; x_wconf 81' lang='grc' dir='ltr'><strong><em>συνεχῶς</em></strong></span> <span class='ocrx_word' id='word_1_7' title='bbox 773 416 804 480; x_wconf 84' lang='grc' dir='ltr'><strong>οδ</strong></span> <span class='ocrx_word' id='word_1_8' title='bbox 821 418 936 490; x_wconf 76' lang='grc' dir='ltr'><strong>πολλοῖς</strong></span> <span class='ocrx_word' id='word_1_9' title='bbox 954 420 1010 479; x_wconf 81' lang='grc' dir='ltr'><strong><em>τιδν</em></strong></span> <span class='ocrx_word' id='word_1_10' title='bbox 1026 419 1149 478; x_wconf 76' lang='grc' dir='ltr'><strong><em>πολιτῶν</em></strong></span> <span class='ocrx_word' id='word_1_11' title='bbox 1170 411 1305 493; x_wconf 84' lang='grc' dir='ltr'><strong><em>διαμένειν</em></strong></span> <span class='ocrx_word' id='word_1_12' title='bbox 1322 411 1391 479; x_wconf 73' lang='lat' dir='ltr'><strong>ells-</strong></span> 
     </span>
     <span class='ocr_line' id='line_1_3' title="bbox 280 500 1304 587; baseline 0 -22"><span class='ocrx_word' id='word_1_13' title='bbox 280 526 348 565; x_wconf 87' lang='grc' dir='ltr'><strong><em>σται</em></strong></span> <span class='ocrx_word' id='word_1_14' title='bbox 367 519 460 581; x_wconf 88' lang='lat'>1040,</span> <span class='ocrx_word' id='word_1_15' title='bbox 474 515 508 586; x_wconf 81' lang='lat'><strong>5.</strong></span> <span class='ocrx_word' id='word_1_16' title='bbox 550 501 614 575; x_wconf 80' lang='grc' dir='ltr'><strong><em>τοὺς</em></strong></span> <span class='ocrx_word' id='word_1_17' title='bbox 629 500 846 587; x_wconf 84' lang='grc' dir='ltr'><strong><em>διεοτοχηκάτας</em></strong></span> <span class='ocrx_word' id='word_1_18' title='bbox 858 509 913 565; x_wconf 79' lang='grc' dir='ltr'><strong>τάν</strong></span> <span class='ocrx_word' id='word_1_19' title='bbox 928 504 1145 585; x_wconf 74' lang='grc' dir='ltr'><strong>ἀνταγωνιστῶν</strong></span> <span class='ocrx_word' id='word_1_20' title='bbox 1161 517 1255 580; x_wconf 82' lang='grc'>1410,</span> <span class='ocrx_word' id='word_1_21' title='bbox 1271 516 1304 584; x_wconf 88' lang='grc'><strong>7.</strong></span> 
     </span>
    </p>

    <p class='ocr_par' dir='ltr' id='par_1_3' title="bbox 324 586 1388 675">
     <span class='ocr_line' id='line_1_4' title="bbox 324 586 1388 675; baseline 0 -25"><span class='ocrx_word' id='word_1_22' title='bbox 324 588 465 675; x_wconf 72' lang='grc' dir='ltr'><strong><em>διήγησις]</em></strong></span> <span class='ocrx_word' id='word_1_23' title='bbox 481 589 686 673; x_wconf 81' lang='grc' dir='ltr'><strong><em>τροσεντιιιονεῖν</em></strong></span> <span class='ocrx_word' id='word_1_24' title='bbox 700 586 851 662; x_wconf 82' lang='grc' dir='ltr'><strong><em>άκοιίοντας</em></strong></span> <span class='ocrx_word' id='word_1_25' title='bbox 865 588 914 651; x_wconf 80' lang='grc' dir='ltr'><strong>καί</strong></span> <span class='ocrx_word' id='word_1_26' title='bbox 922 591 971 666; x_wconf 79' lang='grc' dir='ltr'><strong><em>τήν</em></strong></span> <span class='ocrx_word' id='word_1_27' title='bbox 982 590 1079 664; x_wconf 71' lang='grc' dir='ltr'><strong><em>λοιπήν</em></strong></span> <span class='ocrx_word' id='word_1_28' title='bbox 1090 586 1216 671; x_wconf 84' lang='grc' dir='ltr'><strong><em>διήγησιν</em></strong></span> <span class='ocrx_word' id='word_1_29' title='bbox 1224 587 1281 650; x_wconf 79' lang='lat' dir='ltr'><strong>AE.</strong></span> <span class='ocrx_word' id='word_1_30' title='bbox 1291 604 1388 673; x_wconf 52' lang='lat'><strong>341.</strong></span> 
     </span>
    </p>

    <p class='ocr_par' dir='ltr' id='par_1_4' title="bbox 324 670 1194 760">
     <span class='ocr_line' id='line_1_5' title="bbox 324 670 1194 760; baseline 0 -25"><span class='ocrx_word' id='word_1_31' title='bbox 324 673 485 760; x_wconf 71' lang='grc' dir='ltr'><strong><em>διημερεύειν</em></strong></span> <span class='ocrx_word' id='word_1_32' title='bbox 500 675 527 735; x_wconf 84' lang='grc' dir='ltr'><strong>έν</strong></span> <span class='ocrx_word' id='word_1_33' title='bbox 540 678 580 758; x_wconf 76' lang='grc' dir='ltr'><strong><em>τῷ</em></strong></span> <span class='ocrx_word' id='word_1_34' title='bbox 595 672 709 757; x_wconf 76' lang='grc' dir='ltr'><strong><em>κυβείῳ,</em></strong></span> <span class='ocrx_word' id='word_1_35' title='bbox 724 670 755 737; x_wconf 81' lang='grc' dir='ltr'><strong>οδ</strong></span> <span class='ocrx_word' id='word_1_36' title='bbox 769 679 785 751; x_wconf 83' lang='grc' dir='ltr'>ἡ</span> <span class='ocrx_word' id='word_1_37' title='bbox 799 673 885 753; x_wconf 91' lang='grc' dir='ltr'><strong><em>τηλία</em></strong></span> <span class='ocrx_word' id='word_1_38' title='bbox 898 672 1005 737; x_wconf 88' lang='grc' dir='ltr'><strong><em>τίθεται</em></strong></span> <span class='ocrx_word' id='word_1_39' title='bbox 1021 674 1078 737; x_wconf 79' lang='lat' dir='ltr'><strong>AE.</strong></span> <span class='ocrx_word' id='word_1_40' title='bbox 1094 674 1126 752; x_wconf 90' lang='lat'><strong>8,</strong></span> <span class='ocrx_word' id='word_1_41' title='bbox 1143 692 1194 737; x_wconf 87' lang='lat'><strong>21.</strong></span> 
     </span>
    </p>

    <p class='ocr_par' dir='ltr' id='par_1_5' title="bbox 325 758 1390 869">
     <span class='ocr_line' id='line_1_6' title="bbox 325 758 1390 869; baseline 0.004 -48"><span class='ocrx_word' id='word_1_42' title='bbox 325 760 449 869; x_wconf 82' lang='grc' dir='ltr'><strong><em>διάρχιιν</em></strong></span> <span class='ocrx_word' id='word_1_43' title='bbox 484 761 590 847; x_wconf 76' lang='grc' dir='ltr'><strong><em>διήρξα,</em></strong></span> <span class='ocrx_word' id='word_1_44' title='bbox 604 758 646 823; x_wconf 85' lang='lat' dir='ltr'><strong>ad</strong></span> <span class='ocrx_word' id='word_1_45' title='bbox 659 758 756 823; x_wconf 84' lang='lat' dir='ltr'><strong>finem</strong></span> <span class='ocrx_word' id='word_1_46' title='bbox 769 761 850 847; x_wconf 83' lang='lat' dir='ltr'><strong>gessi</strong></span> <span class='ocrx_word' id='word_1_47' title='bbox 863 758 1083 847; x_wconf 83' lang='lat' dir='ltr'><strong>magistratum</strong></span> <span class='ocrx_word' id='word_1_48' title='bbox 1099 758 1139 824; x_wconf 92' lang='lat' dir='ltr'><strong>L.</strong></span> <span class='ocrx_word' id='word_1_49' title='bbox 1155 781 1208 846; x_wconf 84' lang='lat' dir='ltr'><strong>sp.</strong></span> <span class='ocrx_word' id='word_1_50' title='bbox 1223 760 1390 845; x_wconf 82' lang='lat' dir='ltr'><strong>Harpocr.</strong></span> 
     </span>
    </p>

    <p class='ocr_par' dir='ltr' id='par_1_6' title="bbox 282 844 1391 1104">
     <span class='ocr_line' id='line_1_7' title="bbox 325 844 1390 933; baseline 0.004 -26"><span class='ocrx_word' id='word_1_51' title='bbox 325 846 418 909; x_wconf 74' lang='grc' dir='ltr'><strong><em>διἰοναι</em></strong></span> <span class='ocrx_word' id='word_1_52' title='bbox 461 844 501 910; x_wconf 88' lang='lat' dir='ltr'><strong>ab</strong></span> <span class='ocrx_word' id='word_1_53' title='bbox 526 846 601 929; x_wconf 83' lang='grc' dir='ltr'><strong><em>έημι)</em></strong></span> <span class='ocrx_word' id='word_1_54' title='bbox 627 845 849 925; x_wconf 78' lang='lat' dir='ltr'><strong>transmittere,</strong></span> <span class='ocrx_word' id='word_1_55' title='bbox 878 846 972 911; x_wconf 84' lang='lat' dir='ltr'><strong>alicui</strong></span> <span class='ocrx_word' id='word_1_56' title='bbox 996 845 1163 912; x_wconf 72' lang='lat' dir='ltr'><strong>transitum</strong></span> <span class='ocrx_word' id='word_1_57' title='bbox 1187 867 1246 932; x_wconf 86' lang='lat' dir='ltr'><strong>per</strong></span> <span class='ocrx_word' id='word_1_58' title='bbox 1268 868 1390 933; x_wconf 86' lang='lat' dir='ltr'><strong>agrum</strong></span> 
     </span>
     <span class='ocr_line' id='line_1_8' title="bbox 282 930 1391 1017; baseline 0.002 -22"><span class='ocrx_word' id='word_1_59' title='bbox 282 954 375 995; x_wconf 84' lang='lat' dir='ltr'><strong>suum</strong></span> <span class='ocrx_word' id='word_1_60' title='bbox 386 930 564 997; x_wconf 73' lang='lat' dir='ltr'><strong>concedere.</strong></span> <span class='ocrx_word' id='word_1_61' title='bbox 587 932 657 1013; x_wconf 88' lang='grc' dir='ltr'><strong><em>μήτι</em></strong></span> <span class='ocrx_word' id='word_1_62' title='bbox 668 930 807 1013; x_wconf 80' lang='grc' dir='ltr'><strong><em>Θηβαίαν</em></strong></span> <span class='ocrx_word' id='word_1_63' title='bbox 821 932 939 997; x_wconf 72' lang='lat' dir='ltr'><strong>latinos</strong></span> <span class='ocrx_word' id='word_1_64' title='bbox 955 934 1029 1017; x_wconf 83' lang='lat'><strong>276,</strong></span> <span class='ocrx_word' id='word_1_65' title='bbox 1042 953 1074 1017; x_wconf 88' lang='lat'><strong>9.</strong></span> <span class='ocrx_word' id='word_1_66' title='bbox 1098 930 1115 1011; x_wconf 79' lang='grc' dir='ltr'><strong>δη</strong></span> <span class='ocrx_word' id='word_1_67' title='bbox 1130 932 1270 1007; x_wconf 74' lang='grc' dir='ltr'><strong><em>*διδέντας</em></strong></span> <span class='ocrx_word' id='word_1_68' title='bbox 1284 934 1391 1009; x_wconf 73' lang='grc' dir='ltr'><strong><em>αὖτοὺς</em></strong></span> 
     </span>
     <span class='ocr_line' id='line_1_9' title="bbox 282 1021 587 1104; baseline 0 0"><span class='ocrx_word' id='word_1_69' title='bbox 282 1021 323 1104; x_wconf 76' lang='lat' dir='ltr'><strong>v</strong></span> <span class='ocrx_word' id='word_1_70' title='bbox 338 1024 410 1102; x_wconf 70' lang='lat' dir='ltr'><strong>ne</strong></span> <span class='ocrx_word' id='word_1_71' title='bbox 426 1036 500 1104; x_wconf 76' lang='grc' dir='ltr'><strong><em>ιιι,</em></strong></span> <span class='ocrx_word' id='word_1_72' title='bbox 519 1035 568 1081; x_wconf 88' lang='lat'><strong>10·</strong></span> <span class='ocrx_word' id='word_1_73' title='bbox 584 1048 587 1057; x_wconf 50' lang='lat'>2</span> 
     </span>
    </p>

    <p class='ocr_par' dir='ltr' id='par_1_7' title="bbox 282 1104 1390 1518">
     <span class='ocr_line' id='line_1_10' title="bbox 325 1104 669 1182; baseline -0.006 -13"><span class='ocrx_word' id='word_1_74' title='bbox 325 1104 446 1169; x_wconf 80' lang='grc' dir='ltr'><strong><em>διῑκάλια</em></strong></span> <span class='ocrx_word' id='word_1_75' title='bbox 461 1107 507 1170; x_wconf 87' lang='lat' dir='ltr'><strong>A.</strong></span> <span class='ocrx_word' id='word_1_76' title='bbox 526 1121 598 1182; x_wconf 87' lang='grc' dir='ltr'>1οο,</span> <span class='ocrx_word' id='word_1_77' title='bbox 617 1122 669 1167; x_wconf 84' lang='grc'><strong>10.</strong></span> 
     </span>
     <span class='ocr_line' id='line_1_11' title="bbox 288 1188 1388 1279; baseline 0 -24"><span class='ocrx_word' id='word_1_78' title='bbox 288 1229 291 1235; x_wconf 92' lang='lat'>·</span> <span class='ocrx_word' id='word_1_79' title='bbox 325 1191 483 1277; x_wconf 79' lang='grc' dir='ltr'><strong><em>διΐστάνειν]</em></strong></span> <span class='ocrx_word' id='word_1_80' title='bbox 507 1195 544 1265; x_wconf 89' lang='grc' dir='ltr'><strong><em>είς</em></strong></span> <span class='ocrx_word' id='word_1_81' title='bbox 556 1190 626 1277; x_wconf 87' lang='grc' dir='ltr'><strong><em>μέρη</em></strong></span> <span class='ocrx_word' id='word_1_82' title='bbox 639 1193 735 1254; x_wconf 78' lang='grc' dir='ltr'><strong><em>πολλοὶ</em></strong></span> <span class='ocrx_word' id='word_1_83' title='bbox 748 1188 909 1269; x_wconf 83' lang='lat' dir='ltr'><strong>diducere,</strong></span> <span class='ocrx_word' id='word_1_84' title='bbox 923 1188 1107 1270; x_wconf 75' lang='lat' dir='ltr'><strong>distrahere,</strong></span> <span class='ocrx_word' id='word_1_85' title='bbox 1116 1188 1293 1255; x_wconf 75' lang='lat' dir='ltr'><strong>discindere</strong></span> <span class='ocrx_word' id='word_1_86' title='bbox 1308 1208 1388 1279; x_wconf 78' lang='lat'><strong>245,</strong></span> 
     </span>
     <span class='ocr_line' id='line_1_12' title="bbox 284 1275 1390 1362; baseline -0.004 -17"><span class='ocrx_word' id='word_1_87' title='bbox 284 1296 336 1345; x_wconf 76' lang='lat'><strong>22.</strong></span> <span class='ocrx_word' id='word_1_88' title='bbox 380 1284 396 1356; x_wconf 76' lang='grc' dir='ltr'><strong>ἡ</strong></span> <span class='ocrx_word' id='word_1_89' title='bbox 412 1277 620 1355; x_wconf 69' lang='grc' dir='ltr'><strong>Πελοπόννησος</strong></span> <span class='ocrx_word' id='word_1_90' title='bbox 634 1276 780 1355; x_wconf 74' lang='grc' dir='ltr'><strong><em>διειστήκει</em></strong></span> <span class='ocrx_word' id='word_1_91' title='bbox 795 1294 872 1362; x_wconf 81' lang='lat'><strong>231,</strong></span> <span class='ocrx_word' id='word_1_92' title='bbox 886 1290 919 1362; x_wconf 82' lang='lat'><strong>5.</strong></span> <span class='ocrx_word' id='word_1_93' title='bbox 962 1275 1104 1341; x_wconf 89' lang='grc' dir='ltr'><strong><em>διεστάναι</em></strong></span> <span class='ocrx_word' id='word_1_94' title='bbox 1117 1275 1307 1355; x_wconf 75' lang='lat' dir='ltr'><strong>discordare,</strong></span> <span class='ocrx_word' id='word_1_95' title='bbox 1323 1277 1390 1341; x_wconf 80' lang='lat' dir='ltr'><strong>dle·</strong></span> 
     </span>
     <span class='ocr_line' id='line_1_13' title="bbox 282 1362 1388 1450; baseline 0 -22"><span class='ocrx_word' id='word_1_96' title='bbox 282 1363 383 1429; x_wconf 84' lang='lat' dir='ltr'><strong>sidere</strong></span> <span class='ocrx_word' id='word_1_97' title='bbox 398 1364 452 1444; x_wconf 81' lang='lat'><strong>26,</strong></span> <span class='ocrx_word' id='word_1_98' title='bbox 470 1382 523 1432; x_wconf 78' lang='lat'><strong>20.</strong></span> <span class='ocrx_word' id='word_1_99' title='bbox 568 1362 748 1439; x_wconf 76' lang='grc' dir='ltr'><strong><em>διεστηκότων</em></strong></span> <span class='ocrx_word' id='word_1_100' title='bbox 769 1366 805 1439; x_wconf 87' lang='grc' dir='ltr'><strong><em>είς</em></strong></span> <span class='ocrx_word' id='word_1_101' title='bbox 824 1362 869 1426; x_wconf 84' lang='grc' dir='ltr'><strong><em>δνίο</em></strong></span> <span class='ocrx_word' id='word_1_102' title='bbox 890 1362 959 1449; x_wconf 84' lang='grc' dir='ltr'><strong><em>μέρη</em></strong></span> <span class='ocrx_word' id='word_1_103' title='bbox 980 1372 1037 1427; x_wconf 79' lang='grc' dir='ltr'><strong><em>τῶν</em></strong></span> <span class='ocrx_word' id='word_1_104' title='bbox 1059 1366 1088 1426; x_wconf 84' lang='grc' dir='ltr'><strong>ἐν</strong></span> <span class='ocrx_word' id='word_1_105' title='bbox 1106 1366 1170 1438; x_wconf 83' lang='grc' dir='ltr'><strong><em>ταῖς</em></strong></span> <span class='ocrx_word' id='word_1_106' title='bbox 1190 1362 1289 1427; x_wconf 88' lang='grc' dir='ltr'><strong><em>τίλεσι</em></strong></span> <span class='ocrx_word' id='word_1_107' title='bbox 1311 1382 1388 1450; x_wconf 78' lang='lat'><strong>132,</strong></span> 
     </span>
     <span class='ocr_line' id='line_1_14' title="bbox 286 1470 822 1518; baseline 0.006 -3"><span class='ocrx_word' id='word_1_108' title='bbox 286 1470 334 1518; x_wconf 78' lang='lat'><strong>12.</strong></span> <span class='ocrx_word' id='word_1_109' title='bbox 816 1484 822 1493; x_wconf 82' lang='lat'><strong><em>‘</em></strong></span> 
     </span>
    </p>
   </div>
   <div class='ocr_carea' id='block_1_3' title="bbox 325 1531 1387 1625">
    <p class='ocr_par' dir='ltr' id='par_1_8' title="bbox 325 1531 1387 1625">
     <span class='ocr_line' id='line_1_15' title="bbox 325 1531 1387 1625; baseline 0.001 -26"><span class='ocrx_word' id='word_1_110' title='bbox 325 1535 560 1625; x_wconf 82' lang='grc' dir='ltr'><strong><em>διέσχορίζισθαι]</em></strong></span> <span class='ocrx_word' id='word_1_111' title='bbox 587 1538 618 1598; x_wconf 83' lang='grc' dir='ltr'><strong>οδ</strong></span> <span class='ocrx_word' id='word_1_112' title='bbox 640 1534 713 1601; x_wconf 85' lang='grc' dir='ltr'><strong><em>τάνο</em></strong></span> <span class='ocrx_word' id='word_1_113' title='bbox 733 1531 941 1621; x_wconf 78' lang='grc' dir='ltr'><strong><em>διῖσχορίζομαι</em></strong></span> <span class='ocrx_word' id='word_1_114' title='bbox 965 1547 1043 1617; x_wconf 83' lang='grc'>447,</span> <span class='ocrx_word' id='word_1_115' title='bbox 1068 1534 1387 1620; x_wconf 57' lang='grc' dir='ltr'><strong><em>ο5.εδι”ιισχνρίζεσθαι</em></strong></span> 
     </span>
    </p>
   </div>
   <div class='ocr_carea' id='block_1_4' title="bbox 171 1620 1010 1719">
    <p class='ocr_par' dir='ltr' id='par_1_9' title="bbox 171 1620 1010 1719">
     <span class='ocr_line' id='line_1_16' title="bbox 171 1620 1010 1719; baseline -0.007 -30"><span class='ocrx_word' id='word_1_116' title='bbox 171 1660 173 1663; x_wconf 94' lang='grc'><strong><em>·</em></strong></span> <span class='ocrx_word' id='word_1_117' title='bbox 281 1627 338 1697; x_wconf 80' lang='grc' dir='ltr'><strong><em>τοῖς</em></strong></span> <span class='ocrx_word' id='word_1_118' title='bbox 354 1622 406 1703; x_wconf 80' lang='grc' dir='ltr'><strong><em>έξοι</em></strong></span> <span class='ocrx_word' id='word_1_119' title='bbox 419 1628 468 1687; x_wconf 83' lang='grc' dir='ltr'><strong>τοῦ</strong></span> <span class='ocrx_word' id='word_1_120' title='bbox 483 1620 570 1705; x_wconf 79' lang='grc' dir='ltr'><strong><em>λόγον</em></strong></span> <span class='ocrx_word' id='word_1_121' title='bbox 585 1622 642 1687; x_wconf 78' lang='lat' dir='ltr'><strong>AE.</strong></span> <span class='ocrx_word' id='word_1_122' title='bbox 659 1640 711 1705; x_wconf 75' lang='lat'><strong>25,</strong></span> <span class='ocrx_word' id='word_1_123' title='bbox 726 1622 835 1705; x_wconf 88' lang='lat' dir='ltr'><strong>9.=I.</strong></span> <span class='ocrx_word' id='word_1_124' title='bbox 854 1620 923 1704; x_wconf 89' lang='lat'><strong>[14,</strong></span> <span class='ocrx_word' id='word_1_125' title='bbox 937 1621 1010 1719; x_wconf 56' lang='lat'><strong>59]</strong></span> 
     </span>
    </p>
   </div>
   <div class='ocr_carea' id='block_1_5' title="bbox 203 1706 1388 2746">
    <p class='ocr_par' dir='ltr' id='par_1_10' title="bbox 203 1706 1388 2746">
     <span class='ocr_line' id='line_1_17' title="bbox 325 1706 1386 1795; baseline -0.003 -22"><span class='ocrx_word' id='word_1_126' title='bbox 325 1709 444 1789; x_wconf 76' lang='grc' dir='ltr'><strong><em>δικάζειν</em></strong></span> <span class='ocrx_word' id='word_1_127' title='bbox 465 1706 506 1773; x_wconf 88' lang='lat' dir='ltr'><strong>de</strong></span> <span class='ocrx_word' id='word_1_128' title='bbox 522 1706 631 1795; x_wconf 88' lang='lat' dir='ltr'><strong>judice</strong></span> <span class='ocrx_word' id='word_1_129' title='bbox 653 1706 838 1773; x_wconf 86' lang='lat' dir='ltr'><strong>seutentiam</strong></span> <span class='ocrx_word' id='word_1_130' title='bbox 859 1717 1099 1793; x_wconf 72' lang='lat' dir='ltr'><strong>promerente,</strong></span> <span class='ocrx_word' id='word_1_131' title='bbox 1112 1728 1238 1771; x_wconf 78' lang='lat' dir='ltr'><strong>eausam</strong></span> <span class='ocrx_word' id='word_1_132' title='bbox 1258 1706 1386 1795; x_wconf 87' lang='lat' dir='ltr'><strong>discep-</strong></span> 
     </span>
     <span class='ocr_line' id='line_1_18' title="bbox 282 1792 1386 1879; baseline -0.004 -18"><span class='ocrx_word' id='word_1_133' title='bbox 282 1808 378 1861; x_wconf 79' lang='lat' dir='ltr'><strong>tante</strong></span> <span class='ocrx_word' id='word_1_134' title='bbox 401 1796 481 1859; x_wconf 79' lang='grc' dir='ltr'><strong><em>άλλοδ</em></strong></span> <span class='ocrx_word' id='word_1_135' title='bbox 497 1796 545 1859; x_wconf 84' lang='grc' dir='ltr'><strong>καί</strong></span> <span class='ocrx_word' id='word_1_136' title='bbox 559 1800 599 1879; x_wconf 78' lang='grc' dir='ltr'><strong><em>τῷ</em></strong></span> <span class='ocrx_word' id='word_1_137' title='bbox 612 1795 675 1867; x_wconf 89' lang='grc' dir='ltr'><strong><em>τοὺς</em></strong></span> <span class='ocrx_word' id='word_1_138' title='bbox 690 1794 853 1873; x_wconf 76' lang='grc' dir='ltr'><strong><em>δικάζοντας</em></strong></span> <span class='ocrx_word' id='word_1_139' title='bbox 870 1798 943 1875; x_wconf 78' lang='grc' dir='ltr'><strong><em>ὑμᾶς</em></strong></span> <span class='ocrx_word' id='word_1_140' title='bbox 963 1792 1137 1873; x_wconf 78' lang='grc' dir='ltr'><strong><em>άμρομοκέναι</em></strong></span> <span class='ocrx_word' id='word_1_141' title='bbox 1156 1810 1231 1875; x_wconf 80' lang='lat'><strong>227,</strong></span> <span class='ocrx_word' id='word_1_142' title='bbox 1250 1796 1298 1858; x_wconf 88' lang='lat'><strong>16.</strong></span> <span class='ocrx_word' id='word_1_143' title='bbox 1344 1798 1386 1857; x_wconf 90' lang='grc' dir='ltr'><strong>δι-</strong></span> 
     </span>
     <span class='ocr_line' id='line_1_19' title="bbox 203 1878 1387 1966; baseline 0 -21"><span class='ocrx_word' id='word_1_144' title='bbox 203 1900 209 1911; x_wconf 90' lang='grc'>’</span> <span class='ocrx_word' id='word_1_145' title='bbox 283 1882 372 1945; x_wconf 89' lang='grc' dir='ltr'><strong><em>κάσαι</em></strong></span> <span class='ocrx_word' id='word_1_146' title='bbox 386 1886 479 1944; x_wconf 74' lang='grc' dir='ltr'><strong><em>ταῦτα</em></strong></span> <span class='ocrx_word' id='word_1_147' title='bbox 494 1885 583 1965; x_wconf 74' lang='grc' dir='ltr'><strong><em>ἐαυτῷ</em></strong></span> <span class='ocrx_word' id='word_1_148' title='bbox 598 1878 683 1965; x_wconf 80' lang='grc' dir='ltr'><strong><em>ίρογε</em></strong></span> <span class='ocrx_word' id='word_1_149' title='bbox 696 1878 881 1945; x_wconf 78' lang='lat' dir='ltr'><strong>detrectavit</strong></span> <span class='ocrx_word' id='word_1_150' title='bbox 895 1879 955 1944; x_wconf 90' lang='lat' dir='ltr'><strong>hoc</strong></span> <span class='ocrx_word' id='word_1_151' title='bbox 968 1878 1036 1966; x_wconf 88' lang='lat' dir='ltr'><strong>ipse</strong></span> <span class='ocrx_word' id='word_1_152' title='bbox 1049 1878 1108 1943; x_wconf 86' lang='lat' dir='ltr'><strong>sibi</strong></span> <span class='ocrx_word' id='word_1_153' title='bbox 1118 1879 1173 1965; x_wconf 86' lang='lat' dir='ltr'><strong>jus</strong></span> <span class='ocrx_word' id='word_1_154' title='bbox 1183 1878 1298 1957; x_wconf 83' lang='lat' dir='ltr'><strong>dicere,</strong></span> <span class='ocrx_word' id='word_1_155' title='bbox 1309 1878 1345 1943; x_wconf 78' lang='lat' dir='ltr'><strong>lt.</strong></span> <span class='ocrx_word' id='word_1_156' title='bbox 1356 1904 1387 1946; x_wconf 91' lang='lat' dir='ltr'><strong>e.</strong></span> 
     </span>
     <span class='ocr_line' id='line_1_20' title="bbox 282 1964 1387 2054; baseline -0.001 -23"><span class='ocrx_word' id='word_1_157' title='bbox 282 1966 364 2031; x_wconf 87' lang='lat' dir='ltr'><strong>lranc</strong></span> <span class='ocrx_word' id='word_1_158' title='bbox 377 1964 436 2031; x_wconf 87' lang='lat' dir='ltr'><strong>sibi</strong></span> <span class='ocrx_word' id='word_1_159' title='bbox 449 1964 552 2054; x_wconf 78' lang='lat' dir='ltr'><strong>legem</strong></span> <span class='ocrx_word' id='word_1_160' title='bbox 566 1966 658 2047; x_wconf 84' lang='lat' dir='ltr'><strong>ferre,</strong></span> <span class='ocrx_word' id='word_1_161' title='bbox 673 1988 802 2054; x_wconf 85' lang='lat' dir='ltr'><strong>aequum</strong></span> <span class='ocrx_word' id='word_1_162' title='bbox 819 1964 880 2030; x_wconf 89' lang='lat' dir='ltr'><strong>hoe</strong></span> <span class='ocrx_word' id='word_1_163' title='bbox 893 1979 927 2030; x_wconf 93' lang='lat' dir='ltr'><strong>et</strong></span> <span class='ocrx_word' id='word_1_164' title='bbox 943 1988 976 2029; x_wconf 89' lang='lat' dir='ltr'><strong>se</strong></span> <span class='ocrx_word' id='word_1_165' title='bbox 989 1964 1124 2052; x_wconf 84' lang='lat' dir='ltr'><strong>dignum</strong></span> <span class='ocrx_word' id='word_1_166' title='bbox 1137 1965 1265 2045; x_wconf 76' lang='lat' dir='ltr'><strong>haltere,</strong></span> <span class='ocrx_word' id='word_1_167' title='bbox 1279 1966 1387 2030; x_wconf 80' lang='lat' dir='ltr'><strong>factu·</strong></span> 
     </span>
     <span class='ocr_line' id='line_1_21' title="bbox 282 2050 1388 2140; baseline 0 -23"><span class='ocrx_word' id='word_1_168' title='bbox 282 2076 346 2140; x_wconf 92' lang='lat' dir='ltr'><strong>que</strong></span> <span class='ocrx_word' id='word_1_169' title='bbox 360 2052 566 2118; x_wconf 83' lang='lat' dir='ltr'><strong>neceesarium</strong></span> <span class='ocrx_word' id='word_1_170' title='bbox 582 2054 657 2133; x_wconf 89' lang='lat'><strong>860,</strong></span> <span class='ocrx_word' id='word_1_171' title='bbox 672 2072 702 2137; x_wconf 88' lang='lat'><strong>9.</strong></span> <span class='ocrx_word' id='word_1_172' title='bbox 740 2056 824 2126; x_wconf 82' lang='grc' dir='ltr'><strong><em>αδτδς</em></strong></span> <span class='ocrx_word' id='word_1_173' title='bbox 836 2057 913 2138; x_wconf 73' lang='grc' dir='ltr'><strong><em>αὐτῷ</em></strong></span> <span class='ocrx_word' id='word_1_174' title='bbox 928 2051 1054 2116; x_wconf 76' lang='grc' dir='ltr'><strong><em>ἐδίκασα</em></strong></span> <span class='ocrx_word' id='word_1_175' title='bbox 1067 2051 1135 2139; x_wconf 83' lang='lat' dir='ltr'><strong>ipse</strong></span> <span class='ocrx_word' id='word_1_176' title='bbox 1148 2050 1208 2118; x_wconf 89' lang='lat' dir='ltr'><strong>sibi</strong></span> <span class='ocrx_word' id='word_1_177' title='bbox 1221 2051 1304 2117; x_wconf 88' lang='lat' dir='ltr'><strong>hanc</strong></span> <span class='ocrx_word' id='word_1_178' title='bbox 1317 2074 1388 2117; x_wconf 86' lang='lat' dir='ltr'><strong>sen-</strong></span> 
     </span>
     <span class='ocr_line' id='line_1_22' title="bbox 283 2138 1388 2227; baseline -0.001 -23"><span class='ocrx_word' id='word_1_179' title='bbox 283 2138 412 2204; x_wconf 84' lang='lat' dir='ltr'><strong>tentiam</strong></span> <span class='ocrx_word' id='word_1_180' title='bbox 437 2138 529 2219; x_wconf 87' lang='lat' dir='ltr'><strong>dixit,</strong></span> <span class='ocrx_word' id='word_1_181' title='bbox 552 2154 703 2227; x_wconf 88' lang='lat' dir='ltr'><strong>tauquam</strong></span> <span class='ocrx_word' id='word_1_182' title='bbox 726 2138 823 2204; x_wconf 88' lang='lat' dir='ltr'><strong>&#39;udex</strong></span> <span class='ocrx_word' id='word_1_183' title='bbox 845 2138 903 2203; x_wconf 86' lang='lat' dir='ltr'><strong>sibi</strong></span> <span class='ocrx_word' id='word_1_184' title='bbox 924 2162 945 2203; x_wconf 87' lang='grc' dir='ltr'><strong>ει</strong></span> <span class='ocrx_word' id='word_1_185' title='bbox 966 2138 1131 2225; x_wconf 87' lang='lat' dir='ltr'><strong>semetipso</strong></span> <span class='ocrx_word' id='word_1_186' title='bbox 1151 2138 1257 2219; x_wconf 81' lang='lat' dir='ltr'><strong>datvm,</strong></span> <span class='ocrx_word' id='word_1_187' title='bbox 1276 2138 1388 2203; x_wconf 84' lang='lat' dir='ltr'><strong>admo-</strong></span> 
     </span>
     <span class='ocr_line' id='line_1_23' title="bbox 283 2162 1385 2315; baseline 0.001 -25"><span class='ocrx_word' id='word_1_188' title='bbox 283 2239 377 2291; x_wconf 89' lang='lat' dir='ltr'><strong>nente</strong></span> <span class='ocrx_word' id='word_1_189' title='bbox 389 2226 588 2307; x_wconf 84' lang='lat' dir='ltr'><strong>conscientia,</strong></span> <span class='ocrx_word' id='word_1_190' title='bbox 603 2226 671 2315; x_wconf 88' lang='lat' dir='ltr'><strong>ipse</strong></span> <span class='ocrx_word' id='word_1_191' title='bbox 692 2162 751 2291; x_wconf 73' lang='lat' dir='ltr'><strong>silri</strong></span> <span class='ocrx_word' id='word_1_192' title='bbox 772 2224 914 2290; x_wconf 87' lang='lat' dir='ltr'><strong>conscius</strong></span> <span class='ocrx_word' id='word_1_193' title='bbox 934 2224 1008 2305; x_wconf 82' lang='lat' dir='ltr'><strong>fuit,</strong></span> <span class='ocrx_word' id='word_1_194' title='bbox 1021 2238 1054 2289; x_wconf 90' lang='lat' dir='ltr'><strong>et</strong></span> <span class='ocrx_word' id='word_1_195' title='bbox 1070 2246 1134 2312; x_wconf 94' lang='lat' dir='ltr'><strong>pro</strong></span> <span class='ocrx_word' id='word_1_196' title='bbox 1153 2236 1240 2289; x_wconf 85' lang='lat' dir='ltr'><strong>certo</strong></span> <span class='ocrx_word' id='word_1_197' title='bbox 1260 2224 1385 2303; x_wconf 76' lang='lat' dir='ltr'><strong>habuit,</strong></span> 
     </span>
     <span class='ocr_line' id='line_1_24' title="bbox 283 2310 1387 2399; baseline 0.001 -24"><span class='ocrx_word' id='word_1_198' title='bbox 283 2310 324 2375; x_wconf 79' lang='grc' dir='ltr'><strong>δτι</strong></span> <span class='ocrx_word' id='word_1_199' title='bbox 341 2314 413 2377; x_wconf 83' lang='grc' dir='ltr'><strong><em>οδδέν</em></strong></span> <span class='ocrx_word' id='word_1_200' title='bbox 433 2317 510 2399; x_wconf 73' lang='grc' dir='ltr'><strong><em>αὐτῷ</em></strong></span> <span class='ocrx_word' id='word_1_201' title='bbox 527 2314 658 2397; x_wconf 75' lang='grc' dir='ltr'><strong><em>προσήκει</em></strong></span> <span class='ocrx_word' id='word_1_202' title='bbox 677 2320 727 2377; x_wconf 86' lang='grc' dir='ltr'><strong>τοῦ</strong></span> <span class='ocrx_word' id='word_1_203' title='bbox 747 2312 859 2398; x_wconf 79' lang='grc' dir='ltr'><strong><em>κλήρου,</em></strong></span> <span class='ocrx_word' id='word_1_204' title='bbox 873 2310 994 2375; x_wconf 85' lang='lat' dir='ltr'><strong>nullam</strong></span> <span class='ocrx_word' id='word_1_205' title='bbox 1011 2310 1193 2379; x_wconf 85' lang='lat' dir='ltr'><strong>hereditatis</strong></span> <span class='ocrx_word' id='word_1_206' title='bbox 1343 2311 1387 2376; x_wconf 81' lang='lat' dir='ltr'><strong>ad</strong></span> 
     </span>
     <span class='ocr_line' id='line_1_25' title="bbox 284 2396 1387 2485; baseline 0.002 -24"><span class='ocrx_word' id='word_1_207' title='bbox 284 2420 316 2461; x_wconf 80' lang='lat' dir='ltr'><strong>se</strong></span> <span class='ocrx_word' id='word_1_208' title='bbox 371 2398 667 2484; x_wconf 85' lang='lat' dir='ltr'><strong>rtinere1051,24.</strong></span> <span class='ocrx_word' id='word_1_209' title='bbox 697 2396 817 2463; x_wconf 84' lang='grc' dir='ltr'><strong><em>ἐδίκασα</em></strong></span> <span class='ocrx_word' id='word_1_210' title='bbox 830 2397 890 2483; x_wconf 83' lang='grc' dir='ltr'><strong><em>έγοθ</em></strong></span> <span class='ocrx_word' id='word_1_211' title='bbox 902 2398 992 2485; x_wconf 82' lang='grc' dir='ltr'><strong><em>τοάτιρ</em></strong></span> <span class='ocrx_word' id='word_1_212' title='bbox 1007 2398 1055 2462; x_wconf 80' lang='grc' dir='ltr'><strong>καί</strong></span> <span class='ocrx_word' id='word_1_213' title='bbox 1067 2397 1144 2473; x_wconf 78' lang='grc' dir='ltr'><strong><em>οὗτος</em></strong></span> <span class='ocrx_word' id='word_1_214' title='bbox 1158 2402 1208 2479; x_wconf 84' lang='grc' dir='ltr'><strong>έμο</strong></span> <span class='ocrx_word' id='word_1_215' title='bbox 1232 2396 1316 2463; x_wconf 82' lang='lat' dir='ltr'><strong>inter</strong></span> <span class='ocrx_word' id='word_1_216' title='bbox 1328 2421 1387 2463; x_wconf 80' lang='lat' dir='ltr'><strong>nos</strong></span> 
     </span>
     <span class='ocr_line' id='line_1_26' title="bbox 283 2483 1388 2575; baseline 0.001 -28"><span class='ocrx_word' id='word_1_217' title='bbox 283 2483 315 2547; x_wconf 90' lang='lat' dir='ltr'><strong>in</strong></span> <span class='ocrx_word' id='word_1_218' title='bbox 353 2508 399 2550; x_wconf 77' lang='lat' dir='ltr'><strong>aec</strong></span> <span class='ocrx_word' id='word_1_219' title='bbox 412 2484 516 2573; x_wconf 82' lang='lat' dir='ltr'><strong>capita</strong></span> <span class='ocrx_word' id='word_1_220' title='bbox 530 2484 686 2564; x_wconf 90' lang='lat' dir='ltr'><strong>convenit,</strong></span> <span class='ocrx_word' id='word_1_221' title='bbox 701 2484 746 2549; x_wconf 85' lang='lat' dir='ltr'><strong>its</strong></span> <span class='ocrx_word' id='word_1_222' title='bbox 760 2483 934 2549; x_wconf 81' lang='lat' dir='ltr'><strong>decidimus</strong></span> <span class='ocrx_word' id='word_1_223' title='bbox 955 2484 1038 2549; x_wconf 89' lang='lat' dir='ltr'><strong>inter</strong></span> <span class='ocrx_word' id='word_1_224' title='bbox 1053 2506 1111 2549; x_wconf 89' lang='lat' dir='ltr'><strong>nos</strong></span> <span class='ocrx_word' id='word_1_225' title='bbox 1123 2498 1221 2571; x_wconf 83' lang='lat' dir='ltr'><strong>atque</strong></span> <span class='ocrx_word' id='word_1_226' title='bbox 1234 2484 1388 2575; x_wconf 77' lang='lat' dir='ltr'><strong>nansegi-</strong></span> 
     </span>
     <span class='ocr_line' id='line_1_27' title="bbox 284 2570 1388 2659; baseline 0 -24"><span class='ocrx_word' id='word_1_227' title='bbox 284 2592 366 2652; x_wconf 75' lang='lat' dir='ltr'><strong>muS,</strong></span> <span class='ocrx_word' id='word_1_228' title='bbox 381 2570 446 2637; x_wconf 87' lang='lat' dir='ltr'><strong>sine</strong></span> <span class='ocrx_word' id='word_1_229' title='bbox 459 2571 638 2636; x_wconf 89' lang='lat' dir='ltr'><strong>interventu</strong></span> <span class='ocrx_word' id='word_1_230' title='bbox 647 2570 762 2659; x_wconf 90' lang='lat' dir='ltr'><strong>judicii</strong></span> <span class='ocrx_word' id='word_1_231' title='bbox 779 2574 875 2657; x_wconf 88' lang='lat'><strong>1169,</strong></span> <span class='ocrx_word' id='word_1_232' title='bbox 890 2572 941 2636; x_wconf 91' lang='lat'><strong>16.</strong></span> <span class='ocrx_word' id='word_1_233' title='bbox 985 2571 1149 2644; x_wconf 86' lang='grc' dir='ltr'><strong><em>δικάσαντες</em></strong></span> <span class='ocrx_word' id='word_1_234' title='bbox 1162 2574 1239 2652; x_wconf 78' lang='grc' dir='ltr'><strong><em>ἡμεῖς</em></strong></span> <span class='ocrx_word' id='word_1_235' title='bbox 1251 2574 1317 2654; x_wconf 75' lang='grc' dir='ltr'><strong><em>ἡμῖν</em></strong></span> <span class='ocrx_word' id='word_1_236' title='bbox 1335 2576 1388 2635; x_wconf 84' lang='grc' dir='ltr'><strong><em>ανέ-</em></strong></span> 
     </span>
     <span class='ocr_line' id='line_1_28' title="bbox 283 2656 1385 2746; baseline 0 -25"><span class='ocrx_word' id='word_1_237' title='bbox 283 2661 340 2733; x_wconf 82' lang='grc' dir='ltr'><strong><em>τοῖς</em></strong></span> <span class='ocrx_word' id='word_1_238' title='bbox 354 2680 388 2722; x_wconf 87' lang='lat' dir='ltr'><strong>re</strong></span> <span class='ocrx_word' id='word_1_239' title='bbox 402 2656 548 2746; x_wconf 86' lang='lat' dir='ltr'><strong>privatim</strong></span> <span class='ocrx_word' id='word_1_240' title='bbox 558 2656 641 2721; x_wconf 89' lang='lat' dir='ltr'><strong>inter</strong></span> <span class='ocrx_word' id='word_1_241' title='bbox 654 2679 711 2722; x_wconf 90' lang='lat' dir='ltr'><strong>nos</strong></span> <span class='ocrx_word' id='word_1_242' title='bbox 725 2680 744 2721; x_wconf 84' lang='lat' dir='ltr'><strong>a</strong></span> <span class='ocrx_word' id='word_1_243' title='bbox 757 2656 913 2721; x_wconf 88' lang='lat' dir='ltr'><strong>nobismet</strong></span> <span class='ocrx_word' id='word_1_244' title='bbox 925 2656 1024 2721; x_wconf 88' lang='lat' dir='ltr'><strong>amice</strong></span> <span class='ocrx_word' id='word_1_245' title='bbox 1037 2657 1210 2744; x_wconf 86' lang='lat' dir='ltr'><strong>composita</strong></span> <span class='ocrx_word' id='word_1_246' title='bbox 1225 2658 1385 2743; x_wconf 87' lang='lat'><strong>1176,17.</strong></span> 
     </span>
    </p>
   </div>
   <div class='ocr_carea' id='block_1_6' title="bbox 284 2742 1503 2831">
    <p class='ocr_par' dir='ltr' id='par_1_11' title="bbox 284 2742 1503 2831">
     <span class='ocr_line' id='line_1_29' title="bbox 284 2742 1503 2831; baseline 0.006 -25"><span class='ocrx_word' id='word_1_247' title='bbox 284 2744 550 2830; x_wconf 76' lang='grc' dir='ltr'><strong><em>δικάζοινδιήρισμα</em></strong></span> <span class='ocrx_word' id='word_1_248' title='bbox 565 2744 678 2809; x_wconf 88' lang='lat' dir='ltr'><strong>scitum</strong></span> <span class='ocrx_word' id='word_1_249' title='bbox 696 2743 826 2830; x_wconf 80' lang='lat' dir='ltr'><strong>aliquod</strong></span> <span class='ocrx_word' id='word_1_250' title='bbox 842 2742 965 2830; x_wconf 87' lang='lat' dir='ltr'><strong>judicio</strong></span> <span class='ocrx_word' id='word_1_251' title='bbox 978 2758 1037 2808; x_wconf 84' lang='lat' dir='ltr'><strong>suo</strong></span> <span class='ocrx_word' id='word_1_252' title='bbox 1052 2744 1266 2831; x_wconf 86' lang='lat' dir='ltr'><strong>comprobare,</strong></span> <span class='ocrx_word' id='word_1_253' title='bbox 1280 2758 1386 2807; x_wconf 87' lang='lat' dir='ltr'><strong>ratum</strong></span> <span class='ocrx_word' id='word_1_254' title='bbox 1496 2802 1503 2813; x_wconf 92' lang='lat'><strong>.</strong></span> 
     </span>
    </p>
   </div>
   <div class='ocr_carea' id='block_1_7' title="bbox 282 2828 1400 4557">
    <p class='ocr_par' dir='ltr' id='par_1_12' title="bbox 282 2828 1400 4557">
     <span class='ocr_line' id='line_1_30' title="bbox 283 2828 1385 2930; baseline -0.001 -36"><span class='ocrx_word' id='word_1_255' title='bbox 283 2829 385 2895; x_wconf 83' lang='lat' dir='ltr'><strong>faeere</strong></span> <span class='ocrx_word' id='word_1_256' title='bbox 399 2834 420 2895; x_wconf 93' lang='lat'><strong>6</strong></span> <span class='ocrx_word' id='word_1_257' title='bbox 420 2849 475 2917; x_wconf 77' lang='lat'><strong>52,</strong></span> <span class='ocrx_word' id='word_1_258' title='bbox 490 2850 540 2913; x_wconf 80' lang='grc' dir='ltr'><strong>οη.</strong></span> <span class='ocrx_word' id='word_1_259' title='bbox 564 2882 568 2890; x_wconf 90' lang='grc'><strong><em>.</em></strong></span> <span class='ocrx_word' id='word_1_260' title='bbox 584 2832 743 2915; x_wconf 73' lang='grc' dir='ltr'><strong>ἐξήλεγξεν,</strong></span> <span class='ocrx_word' id='word_1_261' title='bbox 758 2832 794 2906; x_wconf 80' lang='grc' dir='ltr'><strong>ιδς</strong></span> <span class='ocrx_word' id='word_1_262' title='bbox 808 2830 910 2907; x_wconf 80' lang='grc' dir='ltr'><strong><em>άδέκας</em></strong></span> <span class='ocrx_word' id='word_1_263' title='bbox 923 2830 1050 2908; x_wconf 74' lang='grc' dir='ltr'><strong><em>ἐδικάσθη</em></strong></span> <span class='ocrx_word' id='word_1_264' title='bbox 1063 2835 1103 2895; x_wconf 76' lang='grc' dir='ltr'><strong>τά</strong></span> <span class='ocrx_word' id='word_1_265' title='bbox 1119 2828 1245 2930; x_wconf 85' lang='grc' dir='ltr'><strong><em>κριθέντα</em></strong></span> <span class='ocrx_word' id='word_1_266' title='bbox 1258 2831 1337 2910; x_wconf 78' lang='lat'><strong>642.</strong></span> <span class='ocrx_word' id='word_1_267' title='bbox 1352 2831 1385 2895; x_wconf 90' lang='lat'><strong>6.</strong></span> 
     </span>
     <span class='ocr_line' id='line_1_31' title="bbox 286 2914 1385 3005; baseline 0 -26"><span class='ocrx_word' id='word_1_268' title='bbox 286 2918 326 2980; x_wconf 91' lang='lat' dir='ltr'><strong>In</strong></span> <span class='ocrx_word' id='word_1_269' title='bbox 342 2916 455 2981; x_wconf 90' lang='lat' dir='ltr'><strong>medio.</strong></span> <span class='ocrx_word' id='word_1_270' title='bbox 474 2918 548 3005; x_wconf 91' lang='lat' dir='ltr'><strong>jure</strong></span> <span class='ocrx_word' id='word_1_271' title='bbox 568 2916 702 3005; x_wconf 86' lang='lat' dir='ltr'><strong>experiri</strong></span> <span class='ocrx_word' id='word_1_272' title='bbox 720 2918 755 2981; x_wconf 90' lang='lat' dir='ltr'><strong>in</strong></span> <span class='ocrx_word' id='word_1_273' title='bbox 773 2917 855 2997; x_wconf 82' lang='lat' dir='ltr'><strong>foro,</strong></span> <span class='ocrx_word' id='word_1_274' title='bbox 870 2938 996 2981; x_wconf 83' lang='lat' dir='ltr'><strong>causam</strong></span> <span class='ocrx_word' id='word_1_275' title='bbox 1014 2938 1118 2981; x_wconf 88' lang='lat' dir='ltr'><strong>coram</strong></span> <span class='ocrx_word' id='word_1_276' title='bbox 1129 2914 1239 3003; x_wconf 79' lang='lat' dir='ltr'><strong>Judioe</strong></span> <span class='ocrx_word' id='word_1_277' title='bbox 1252 2916 1385 3002; x_wconf 79' lang='lat' dir='ltr'><strong>agitare,</strong></span> 
     </span>
     <span class='ocr_line' id='line_1_32' title="bbox 283 3000 1385 3089; baseline -0.002 -22"><span class='ocrx_word' id='word_1_278' title='bbox 283 3004 476 3068; x_wconf 88' lang='lat' dir='ltr'><strong>construitur</strong></span> <span class='ocrx_word' id='word_1_279' title='bbox 501 3026 573 3069; x_wconf 89' lang='lat' dir='ltr'><strong>curn</strong></span> <span class='ocrx_word' id='word_1_280' title='bbox 596 3004 746 3089; x_wconf 82' lang='lat' dir='ltr'><strong>genitivo,</strong></span> <span class='ocrx_word' id='word_1_281' title='bbox 772 3024 909 3082; x_wconf 85' lang='lat' dir='ltr'><strong>causam,</strong></span> <span class='ocrx_word' id='word_1_282' title='bbox 933 3002 984 3067; x_wconf 88' lang='lat' dir='ltr'><strong>vel</strong></span> <span class='ocrx_word' id='word_1_283' title='bbox 1005 3002 1123 3067; x_wconf 85' lang='lat' dir='ltr'><strong>crimen</strong></span> <span class='ocrx_word' id='word_1_284' title='bbox 1146 3001 1315 3081; x_wconf 80' lang='lat' dir='ltr'><strong>indicante,</strong></span> <span class='ocrx_word' id='word_1_285' title='bbox 1334 3000 1385 3065; x_wconf 89' lang='lat' dir='ltr'><strong>vel</strong></span> 
     </span>
     <span class='ocr_line' id='line_1_33' title="bbox 283 3088 1384 3177; baseline -0.001 -24"><span class='ocrx_word' id='word_1_286' title='bbox 283 3088 425 3166; x_wconf 91' lang='lat' dir='ltr'><strong>titulum,</strong></span> <span class='ocrx_word' id='word_1_287' title='bbox 440 3112 480 3154; x_wconf 83' lang='lat' dir='ltr'><strong>ex</strong></span> <span class='ocrx_word' id='word_1_288' title='bbox 493 3112 559 3177; x_wconf 92' lang='lat' dir='ltr'><strong>quo</strong></span> <span class='ocrx_word' id='word_1_289' title='bbox 572 3103 721 3175; x_wconf 79' lang='lat' dir='ltr'><strong>certatur,</strong></span> <span class='ocrx_word' id='word_1_290' title='bbox 736 3112 808 3154; x_wconf 92' lang='lat' dir='ltr'><strong>cum</strong></span> <span class='ocrx_word' id='word_1_291' title='bbox 824 3088 933 3154; x_wconf 88' lang='lat' dir='ltr'><strong>dativo</strong></span> <span class='ocrx_word' id='word_1_292' title='bbox 945 3112 1087 3177; x_wconf 87' lang='lat' dir='ltr'><strong>personas</strong></span> <span class='ocrx_word' id='word_1_293' title='bbox 1107 3088 1258 3153; x_wconf 85' lang='lat' dir='ltr'><strong>adversus</strong></span> <span class='ocrx_word' id='word_1_294' title='bbox 1273 3110 1384 3177; x_wconf 81' lang='lat' dir='ltr'><strong>quam,</strong></span> 
     </span>
     <span class='ocr_line' id='line_1_34' title="bbox 284 3174 1386 3262; baseline -0.002 -23"><span class='ocrx_word' id='word_1_295' title='bbox 284 3188 403 3239; x_wconf 86' lang='lat' dir='ltr'><strong>etcum</strong></span> <span class='ocrx_word' id='word_1_296' title='bbox 417 3176 604 3241; x_wconf 79' lang='lat' dir='ltr'><strong>accusativo.</strong></span> <span class='ocrx_word' id='word_1_297' title='bbox 628 3190 666 3241; x_wconf 85' lang='lat' dir='ltr'><strong>ut</strong></span> <span class='ocrx_word' id='word_1_298' title='bbox 680 3178 755 3255; x_wconf 87' lang='grc' dir='ltr'><strong><em>δίκην</em></strong></span> <span class='ocrx_word' id='word_1_299' title='bbox 768 3176 939 3259; x_wconf 79' lang='grc' dir='ltr'><strong><em>δικάζεσθαι.</em></strong></span> <span class='ocrx_word' id='word_1_300' title='bbox 973 3176 1121 3262; x_wconf 76' lang='grc' dir='ltr'><strong><em>Καλλάρῳ</em></strong></span> <span class='ocrx_word' id='word_1_301' title='bbox 1136 3180 1185 3254; x_wconf 81' lang='grc' dir='ltr'><strong><em>τήν</em></strong></span> <span class='ocrx_word' id='word_1_302' title='bbox 1205 3178 1291 3253; x_wconf 76' lang='grc' dir='ltr'><strong><em>αὐτήν</em></strong></span> <span class='ocrx_word' id='word_1_303' title='bbox 1309 3174 1386 3253; x_wconf 77' lang='grc' dir='ltr'><strong><em>δίκην</em></strong></span> 
     </span>
     <span class='ocr_line' id='line_1_35' title="bbox 283 3259 1384 3351; baseline 0.002 -26"><span class='ocrx_word' id='word_1_304' title='bbox 283 3259 441 3344; x_wconf 83' lang='grc' dir='ltr'><strong><em>δικάζονται</em></strong></span> <span class='ocrx_word' id='word_1_305' title='bbox 453 3260 613 3333; x_wconf 82' lang='lat' dir='ltr'><strong>Callarum</strong></span> <span class='ocrx_word' id='word_1_306' title='bbox 628 3262 737 3327; x_wconf 86' lang='lat' dir='ltr'><strong>eodem</strong></span> <span class='ocrx_word' id='word_1_307' title='bbox 752 3284 792 3327; x_wconf 83' lang='lat' dir='ltr'><strong>ex</strong></span> <span class='ocrx_word' id='word_1_308' title='bbox 808 3261 903 3328; x_wconf 89' lang='lat' dir='ltr'><strong>titulo</strong></span> <span class='ocrx_word' id='word_1_309' title='bbox 911 3262 944 3327; x_wconf 91' lang='lat' dir='ltr'><strong>in</strong></span> <span class='ocrx_word' id='word_1_310' title='bbox 953 3264 1027 3351; x_wconf 88' lang='lat' dir='ltr'><strong>jure</strong></span> <span class='ocrx_word' id='word_1_311' title='bbox 1039 3275 1276 3351; x_wconf 86' lang='lat' dir='ltr'><strong>prosequuntur</strong></span> <span class='ocrx_word' id='word_1_312' title='bbox 1289 3260 1384 3339; x_wconf 78' lang='lat'>1280,</span> 
     </span>
     <span class='ocr_line' id='line_1_36' title="bbox 284 3347 1384 3449; baseline -0.003 -36"><span class='ocrx_word' id='word_1_313' title='bbox 284 3364 338 3434; x_wconf 79' lang='lat'><strong>23.</strong></span> <span class='ocrx_word' id='word_1_314' title='bbox 383 3347 453 3433; x_wconf 77' lang='grc' dir='ltr'><strong><em>λίγα</em></strong></span> <span class='ocrx_word' id='word_1_315' title='bbox 472 3352 539 3413; x_wconf 77' lang='grc' dir='ltr'><strong><em>αὐτὸ</em></strong></span> <span class='ocrx_word' id='word_1_316' title='bbox 559 3349 591 3411; x_wconf 89' lang='grc' dir='ltr'><strong>τδ</strong></span> <span class='ocrx_word' id='word_1_317' title='bbox 612 3348 759 3433; x_wconf 79' lang='grc' dir='ltr'><strong><em>ἐγκλημα,</em></strong></span> <span class='ocrx_word' id='word_1_318' title='bbox 774 3348 789 3413; x_wconf 88' lang='grc' dir='ltr'><strong>δ</strong></span> <span class='ocrx_word' id='word_1_319' title='bbox 810 3349 857 3449; x_wconf 81' lang='lat' dir='ltr'><strong>[td</strong></span> <span class='ocrx_word' id='word_1_320' title='bbox 872 3363 920 3415; x_wconf 84' lang='lat' dir='ltr'><strong>eet</strong></span> <span class='ocrx_word' id='word_1_321' title='bbox 933 3351 993 3414; x_wconf 87' lang='grc' dir='ltr'><strong><em>καθ’</em></strong></span> <span class='ocrx_word' id='word_1_322' title='bbox 1008 3348 1037 3434; x_wconf 89' lang='grc' dir='ltr'><strong>δ]</strong></span> <span class='ocrx_word' id='word_1_323' title='bbox 1054 3349 1203 3430; x_wconf 78' lang='grc' dir='ltr'><strong><em>δικάζομαι</em></strong></span> <span class='ocrx_word' id='word_1_324' title='bbox 1218 3364 1294 3434; x_wconf 76' lang='lat'><strong>972,</strong></span> <span class='ocrx_word' id='word_1_325' title='bbox 1309 3370 1384 3435; x_wconf 90' lang='lat' dir='ltr'><strong>pen.</strong></span> 
     </span>
     <span class='ocr_line' id='line_1_37' title="bbox 283 3432 1382 3522; baseline 0 -25"><span class='ocrx_word' id='word_1_326' title='bbox 283 3432 376 3499; x_wconf 78' lang='grc' dir='ltr'><strong><em>ταθοδν</em></strong></span> <span class='ocrx_word' id='word_1_327' title='bbox 398 3436 448 3499; x_wconf 85' lang='grc' dir='ltr'><strong>θτδ</strong></span> <span class='ocrx_word' id='word_1_328' title='bbox 471 3434 593 3511; x_wconf 78' lang='grc' dir='ltr'><strong><em>Κάνωνος</em></strong></span> <span class='ocrx_word' id='word_1_329' title='bbox 616 3442 720 3517; x_wconf 72' lang='grc' dir='ltr'><strong><em>ταῦτα,</em></strong></span> <span class='ocrx_word' id='word_1_330' title='bbox 741 3434 777 3500; x_wconf 76' lang='grc' dir='ltr'><strong>ὧν</strong></span> <span class='ocrx_word' id='word_1_331' title='bbox 801 3435 849 3520; x_wconf 88' lang='lat' dir='ltr'><strong>[td</strong></span> <span class='ocrx_word' id='word_1_332' title='bbox 864 3450 912 3501; x_wconf 78' lang='lat' dir='ltr'><strong>eet</strong></span> <span class='ocrx_word' id='word_1_333' title='bbox 931 3435 1019 3522; x_wconf 88' lang='grc' dir='ltr'><strong><em>χάριν</em></strong></span> <span class='ocrx_word' id='word_1_334' title='bbox 1037 3433 1086 3513; x_wconf 75' lang='grc' dir='ltr'><strong>ὧν,</strong></span> <span class='ocrx_word' id='word_1_335' title='bbox 1106 3433 1156 3498; x_wconf 86' lang='lat' dir='ltr'><strong>vel</strong></span> <span class='ocrx_word' id='word_1_336' title='bbox 1177 3436 1314 3520; x_wconf 82' lang='grc' dir='ltr'><strong><em>τροφάστι</em></strong></span> <span class='ocrx_word' id='word_1_337' title='bbox 1332 3432 1382 3518; x_wconf 73' lang='grc' dir='ltr'><strong>ὧν]</strong></span> 
     </span>
     <span class='ocr_line' id='line_1_38' title="bbox 283 3520 1384 3610; baseline 0.001 -27"><span class='ocrx_word' id='word_1_338' title='bbox 283 3520 432 3605; x_wconf 83' lang='grc' dir='ltr'><strong><em>δικάζομαι</em></strong></span> <span class='ocrx_word' id='word_1_339' title='bbox 451 3537 545 3605; x_wconf 81' lang='lat'><strong>1270,</strong></span> <span class='ocrx_word' id='word_1_340' title='bbox 564 3543 590 3587; x_wconf 88' lang='lat' dir='ltr'><strong>r.</strong></span> <span class='ocrx_word' id='word_1_341' title='bbox 637 3534 810 3610; x_wconf 81' lang='lat' dir='ltr'><strong>usurpetur</strong></span> <span class='ocrx_word' id='word_1_342' title='bbox 826 3523 866 3587; x_wconf 89' lang='lat' dir='ltr'><strong>de</strong></span> <span class='ocrx_word' id='word_1_343' title='bbox 883 3522 972 3587; x_wconf 90' lang='lat' dir='ltr'><strong>nullo</strong></span> <span class='ocrx_word' id='word_1_344' title='bbox 990 3544 1053 3586; x_wconf 91' lang='lat' dir='ltr'><strong>non</strong></span> <span class='ocrx_word' id='word_1_345' title='bbox 1072 3542 1188 3608; x_wconf 86' lang='lat' dir='ltr'><strong>genere</strong></span> <span class='ocrx_word' id='word_1_346' title='bbox 1207 3542 1384 3599; x_wconf 82' lang='lat' dir='ltr'><strong>causarum,</strong></span> 
     </span>
     <span class='ocr_line' id='line_1_39' title="bbox 282 3606 1384 3697; baseline -0.002 -25"><span class='ocrx_word' id='word_1_347' title='bbox 282 3606 481 3693; x_wconf 88' lang='lat' dir='ltr'><strong>publicarum</strong></span> <span class='ocrx_word' id='word_1_348' title='bbox 499 3608 630 3695; x_wconf 86' lang='lat' dir='ltr'><strong>perinde</strong></span> <span class='ocrx_word' id='word_1_349' title='bbox 648 3622 745 3695; x_wconf 89' lang='lat' dir='ltr'><strong>atque</strong></span> <span class='ocrx_word' id='word_1_350' title='bbox 768 3608 974 3697; x_wconf 82' lang='lat' dir='ltr'><strong>privatamm,</strong></span> <span class='ocrx_word' id='word_1_351' title='bbox 988 3621 1204 3673; x_wconf 77' lang='lat' dir='ltr'><strong>verumtamen</strong></span> <span class='ocrx_word' id='word_1_352' title='bbox 1224 3606 1384 3672; x_wconf 88' lang='lat' dir='ltr'><strong>interdum</strong></span> 
     </span>
     <span class='ocr_line' id='line_1_40' title="bbox 284 3693 1385 3784; baseline -0.002 -27"><span class='ocrx_word' id='word_1_353' title='bbox 284 3716 376 3758; x_wconf 86' lang='lat' dir='ltr'><strong>sensu</strong></span> <span class='ocrx_word' id='word_1_354' title='bbox 395 3693 548 3760; x_wconf 84' lang='lat' dir='ltr'><strong>strictiore</strong></span> <span class='ocrx_word' id='word_1_355' title='bbox 569 3695 609 3760; x_wconf 88' lang='lat' dir='ltr'><strong>de</strong></span> <span class='ocrx_word' id='word_1_356' title='bbox 630 3694 761 3783; x_wconf 86' lang='lat' dir='ltr'><strong>privatis</strong></span> <span class='ocrx_word' id='word_1_357' title='bbox 781 3694 990 3783; x_wconf 88' lang='lat' dir='ltr'><strong>peculiariter,</strong></span> <span class='ocrx_word' id='word_1_358' title='bbox 1005 3709 1044 3760; x_wconf 91' lang='lat' dir='ltr'><strong>ut</strong></span> <span class='ocrx_word' id='word_1_359' title='bbox 1057 3718 1092 3784; x_wconf 94' lang='lat' dir='ltr'><strong>p.</strong></span> <span class='ocrx_word' id='word_1_360' title='bbox 1102 3711 1180 3781; x_wconf 80' lang='lat'><strong>523,</strong></span> <span class='ocrx_word' id='word_1_361' title='bbox 1194 3713 1228 3775; x_wconf 89' lang='lat'><strong>4.</strong></span> <span class='ocrx_word' id='word_1_362' title='bbox 1271 3693 1328 3758; x_wconf 91' lang='lat' dir='ltr'><strong>ubi</strong></span> <span class='ocrx_word' id='word_1_363' title='bbox 1345 3697 1385 3777; x_wconf 72' lang='grc' dir='ltr'><strong><em>τῷ</em></strong></span> 
     </span>
     <span class='ocr_line' id='line_1_41' title="bbox 282 3778 1386 3870; baseline 0.001 -28"><span class='ocrx_word' id='word_1_364' title='bbox 282 3780 505 3864; x_wconf 76' lang='grc' dir='ltr'><strong><em>προβάλλεσθαι,</em></strong></span> <span class='ocrx_word' id='word_1_365' title='bbox 519 3803 592 3868; x_wconf 84' lang='lat' dir='ltr'><strong>qnae</strong></span> <span class='ocrx_word' id='word_1_366' title='bbox 612 3796 659 3846; x_wconf 88' lang='lat' dir='ltr'><strong>est</strong></span> <span class='ocrx_word' id='word_1_367' title='bbox 676 3782 759 3847; x_wconf 85' lang='lat' dir='ltr'><strong>ectio</strong></span> <span class='ocrx_word' id='word_1_368' title='bbox 774 3782 911 3869; x_wconf 88' lang='lat' dir='ltr'><strong>publica,</strong></span> <span class='ocrx_word' id='word_1_369' title='bbox 926 3782 1099 3870; x_wconf 87' lang='lat' dir='ltr'><strong>opponitur</strong></span> <span class='ocrx_word' id='word_1_370' title='bbox 1114 3781 1147 3843; x_wconf 87' lang='grc' dir='ltr'><strong>τδ</strong></span> <span class='ocrx_word' id='word_1_371' title='bbox 1162 3782 1322 3861; x_wconf 75' lang='grc' dir='ltr'><strong><em>δικάζεσθαι</em></strong></span> <span class='ocrx_word' id='word_1_372' title='bbox 1337 3778 1386 3843; x_wconf 87' lang='lat' dir='ltr'><strong>his</strong></span> 
     </span>
     <span class='ocr_line' id='line_1_42' title="bbox 282 3864 1384 3952; baseline 0.001 -25"><span class='ocrx_word' id='word_1_373' title='bbox 282 3864 396 3930; x_wconf 87' lang='lat' dir='ltr'><strong>verbis.</strong></span> <span class='ocrx_word' id='word_1_374' title='bbox 424 3871 447 3929; x_wconf 83' lang='grc' dir='ltr'><strong><em>ιέ</em></strong></span> <span class='ocrx_word' id='word_1_375' title='bbox 466 3870 505 3949; x_wconf 76' lang='grc' dir='ltr'><strong><em>μή</em></strong></span> <span class='ocrx_word' id='word_1_376' title='bbox 519 3870 736 3952; x_wconf 75' lang='grc' dir='ltr'><strong><em>τροάβαλλθμηκ</em></strong></span> <span class='ocrx_word' id='word_1_377' title='bbox 754 3871 849 3945; x_wconf 78' lang='grc' dir='ltr'><strong><em>αὐτὸν,</em></strong></span> <span class='ocrx_word' id='word_1_378' title='bbox 869 3871 938 3933; x_wconf 78' lang='grc' dir='ltr'><strong>ἀλλ’</strong></span> <span class='ocrx_word' id='word_1_379' title='bbox 958 3868 1131 3949; x_wconf 77' lang='grc' dir='ltr'><strong><em>ἐδικαζόμην,</em></strong></span> <span class='ocrx_word' id='word_1_380' title='bbox 1146 3880 1205 3931; x_wconf 84' lang='lat' dir='ltr'><strong>etc.</strong></span> <span class='ocrx_word' id='word_1_381' title='bbox 1238 3868 1281 3948; x_wconf 78' lang='grc' dir='ltr'><strong>ὑφ’</strong></span> <span class='ocrx_word' id='word_1_382' title='bbox 1300 3866 1332 3929; x_wconf 77' lang='grc' dir='ltr'><strong><em>οὗ</em></strong></span> <span class='ocrx_word' id='word_1_383' title='bbox 1353 3892 1384 3928; x_wconf 86' lang='grc' dir='ltr'><strong>τε</strong></span> 
     </span>
     <span class='ocr_line' id='line_1_43' title="bbox 282 3950 1384 4043; baseline 0.001 -30"><span class='ocrx_word' id='word_1_384' title='bbox 282 3950 392 4036; x_wconf 82' lang='grc' dir='ltr'><strong><em>τράτου</em></strong></span> <span class='ocrx_word' id='word_1_385' title='bbox 415 3953 552 4037; x_wconf 75' lang='grc' dir='ltr'><strong><em>ἐπλήγην,</em></strong></span> <span class='ocrx_word' id='word_1_386' title='bbox 579 3955 626 4017; x_wconf 86' lang='grc' dir='ltr'><strong>καί</strong></span> <span class='ocrx_word' id='word_1_387' title='bbox 649 3954 783 4036; x_wconf 86' lang='grc' dir='ltr'><strong><em>μάλιστα</em></strong></span> <span class='ocrx_word' id='word_1_388' title='bbox 805 3955 946 4043; x_wconf 73' lang='grc' dir='ltr'><strong><em>ὑβρίσθην,</em></strong></span> <span class='ocrx_word' id='word_1_389' title='bbox 972 3954 1063 4040; x_wconf 85' lang='grc' dir='ltr'><strong><em>τοείτορ</em></strong></span> <span class='ocrx_word' id='word_1_390' title='bbox 1084 3954 1132 4017; x_wconf 80' lang='grc' dir='ltr'><strong>καί</strong></span> <span class='ocrx_word' id='word_1_391' title='bbox 1154 3953 1315 4035; x_wconf 77' lang='grc' dir='ltr'><strong><em>δικάζομαι,</em></strong></span> <span class='ocrx_word' id='word_1_392' title='bbox 1336 3952 1384 4015; x_wconf 79' lang='grc' dir='ltr'><strong>καί</strong></span> 
     </span>
     <span class='ocr_line' id='line_1_44' title="bbox 282 4037 1385 4128; baseline 0.002 -28"><span class='ocrx_word' id='word_1_393' title='bbox 282 4044 359 4119; x_wconf 74' lang='grc' dir='ltr'><strong><em>μισῶ</em></strong></span> <span class='ocrx_word' id='word_1_394' title='bbox 374 4038 422 4101; x_wconf 87' lang='grc' dir='ltr'><strong>καδ</strong></span> <span class='ocrx_word' id='word_1_395' title='bbox 438 4037 625 4125; x_wconf 68' lang='grc' dir='ltr'><strong><em>διεξέρχομαι</em></strong></span> <span class='ocrx_word' id='word_1_396' title='bbox 644 4042 737 4123; x_wconf 83' lang='lat'>1267,</span> <span class='ocrx_word' id='word_1_397' title='bbox 755 4041 787 4104; x_wconf 91' lang='lat'><strong>8.</strong></span> <span class='ocrx_word' id='word_1_398' title='bbox 831 4043 935 4105; x_wconf 84' lang='lat' dir='ltr'><strong>Juvat</strong></span> <span class='ocrx_word' id='word_1_399' title='bbox 947 4041 1015 4128; x_wconf 89' lang='lat' dir='ltr'><strong>jam</strong></span> <span class='ocrx_word' id='word_1_400' title='bbox 1035 4038 1274 4105; x_wconf 86' lang='lat' dir='ltr'><strong>constructionis</strong></span> <span class='ocrx_word' id='word_1_401' title='bbox 1288 4038 1385 4103; x_wconf 83' lang='lat' dir='ltr'><strong>hu‘us</strong></span> 
     </span>
     <span class='ocr_line' id='line_1_45' title="bbox 283 4062 1385 4235; baseline 0.002 -48"><span class='ocrx_word' id='word_1_402' title='bbox 283 4122 372 4189; x_wconf 90' lang='lat' dir='ltr'><strong>verbi</strong></span> <span class='ocrx_word' id='word_1_403' title='bbox 385 4146 458 4189; x_wconf 91' lang='lat' dir='ltr'><strong>cum</strong></span> <span class='ocrx_word' id='word_1_404' title='bbox 478 4124 617 4212; x_wconf 81' lang='lat' dir='ltr'><strong>genitivo</strong></span> <span class='ocrx_word' id='word_1_405' title='bbox 631 4126 777 4216; x_wconf 84' lang='lat' dir='ltr'><strong>exempla</strong></span> <span class='ocrx_word' id='word_1_406' title='bbox 789 4125 911 4215; x_wconf 91' lang='lat' dir='ltr'><strong>aliquot</strong></span> <span class='ocrx_word' id='word_1_407' title='bbox 924 4126 1098 4193; x_wconf 85' lang='lat' dir='ltr'><strong>secundum</strong></span> <span class='ocrx_word' id='word_1_408' title='bbox 1115 4124 1258 4189; x_wconf 80' lang='lat' dir='ltr'><strong>ordinem</strong></span> <span class='ocrx_word' id='word_1_409' title='bbox 1276 4062 1385 4235; x_wconf 79' lang='lat' dir='ltr'><strong>alpirs-</strong></span> 
     </span>
     <span class='ocr_line' id='line_1_46' title="bbox 282 4208 1383 4300; baseline 0.002 -27"><span class='ocrx_word' id='word_1_410' title='bbox 282 4208 420 4274; x_wconf 86' lang='lat' dir='ltr'><strong>beticum</strong></span> <span class='ocrx_word' id='word_1_411' title='bbox 439 4234 631 4300; x_wconf 84' lang='lat' dir='ltr'><strong>proponere:</strong></span> <span class='ocrx_word' id='word_1_412' title='bbox 656 4217 675 4275; x_wconf 85' lang='grc' dir='ltr'><strong>ά</strong></span> <span class='ocrx_word' id='word_1_413' title='bbox 731 4213 809 4298; x_wconf 85' lang='grc' dir='ltr'><strong><em>ρίου]</em></strong></span> <span class='ocrx_word' id='word_1_414' title='bbox 827 4212 942 4294; x_wconf 84' lang='grc' dir='ltr'><strong><em>δρνίλιον</em></strong></span> <span class='ocrx_word' id='word_1_415' title='bbox 965 4218 1029 4295; x_wconf 81' lang='grc' dir='ltr'><strong><em>ἡμῖν</em></strong></span> <span class='ocrx_word' id='word_1_416' title='bbox 1045 4213 1176 4297; x_wconf 88' lang='grc' dir='ltr'><strong><em>Τιμίθεος</em></strong></span> <span class='ocrx_word' id='word_1_417' title='bbox 1194 4212 1226 4276; x_wconf 86' lang='grc' dir='ltr'><strong>τδ</strong></span> <span class='ocrx_word' id='word_1_418' title='bbox 1241 4215 1383 4299; x_wconf 79' lang='grc' dir='ltr'><strong><em>άργνριον,</em></strong></span> 
     </span>
     <span class='ocr_line' id='line_1_47' title="bbox 284 4294 1384 4391; baseline 0 -32"><span class='ocrx_word' id='word_1_419' title='bbox 284 4294 314 4360; x_wconf 84' lang='grc' dir='ltr'><strong>οδ</strong></span> <span class='ocrx_word' id='word_1_420' title='bbox 329 4298 477 4379; x_wconf 84' lang='grc' dir='ltr'><strong><em>δικάζομαι</em></strong></span> <span class='ocrx_word' id='word_1_421' title='bbox 499 4302 575 4384; x_wconf 77' lang='grc' dir='ltr'><strong><em>αὐτῷ</em></strong></span> <span class='ocrx_word' id='word_1_422' title='bbox 598 4318 658 4381; x_wconf 82' lang='grc'><strong>119</strong></span> <span class='ocrx_word' id='word_1_423' title='bbox 682 4301 762 4376; x_wconf 81' lang='lat'><strong>‚26.</strong></span> <span class='ocrx_word' id='word_1_424' title='bbox 807 4299 926 4391; x_wconf 75' lang='grc' dir='ltr'><strong><em>ἐγγύης]</em></strong></span> <span class='ocrx_word' id='word_1_425' title='bbox 949 4299 1108 4363; x_wconf 85' lang='grc' dir='ltr'><strong><em>ἐδεδίκαστο</em></strong></span> <span class='ocrx_word' id='word_1_426' title='bbox 1129 4302 1189 4384; x_wconf 79' lang='grc' dir='ltr'><strong>γάρ</strong></span> <span class='ocrx_word' id='word_1_427' title='bbox 1210 4295 1245 4361; x_wconf 80' lang='grc' dir='ltr'><strong><em>οἷν</em></strong></span> <span class='ocrx_word' id='word_1_428' title='bbox 1267 4324 1316 4379; x_wconf 89' lang='grc' dir='ltr'><strong>μοι</strong></span> <span class='ocrx_word' id='word_1_429' title='bbox 1336 4304 1384 4375; x_wconf 76' lang='grc' dir='ltr'><strong><em>τῆς</em></strong></span> 
     </span>
     <span class='ocr_line' id='line_1_48' title="bbox 283 4382 1400 4472; baseline 0 -25"><span class='ocrx_word' id='word_1_430' title='bbox 283 4382 388 4467; x_wconf 78' lang='grc' dir='ltr'><strong><em>ἐγγύης</em></strong></span> <span class='ocrx_word' id='word_1_431' title='bbox 401 4382 514 4471; x_wconf 82' lang='lat' dir='ltr'><strong>egisset</strong></span> <span class='ocrx_word' id='word_1_432' title='bbox 527 4383 560 4449; x_wconf 91' lang='lat' dir='ltr'><strong>in</strong></span> <span class='ocrx_word' id='word_1_433' title='bbox 575 4406 626 4449; x_wconf 90' lang='lat' dir='ltr'><strong>me</strong></span> <span class='ocrx_word' id='word_1_434' title='bbox 639 4383 859 4471; x_wconf 79' lang='lat' dir='ltr'><strong>desponsione</strong></span> <span class='ocrx_word' id='word_1_435' title='bbox 873 4404 949 4471; x_wconf 89' lang='lat'><strong>901,</strong></span> <span class='ocrx_word' id='word_1_436' title='bbox 964 4406 1016 4451; x_wconf 95' lang='lat'><strong>11.</strong></span> <span class='ocrx_word' id='word_1_437' title='bbox 1060 4383 1233 4472; x_wconf 81' lang='grc' dir='ltr'><strong><em>θογατέραν]</em></strong></span> <span class='ocrx_word' id='word_1_438' title='bbox 1253 4390 1279 4449; x_wconf 78' lang='lat' dir='ltr'><strong>ol</strong></span> <span class='ocrx_word' id='word_1_439' title='bbox 1291 4387 1400 4460; x_wconf 69' lang='grc' dir='ltr'><strong><em>παιδος,</em></strong></span> 
     </span>
     <span class='ocr_line' id='line_1_49' title="bbox 284 4468 1384 4557; baseline 0.003 -24"><span class='ocrx_word' id='word_1_440' title='bbox 284 4468 317 4533; x_wconf 79' lang='grc' dir='ltr'><strong>δν</strong></span> <span class='ocrx_word' id='word_1_441' title='bbox 332 4474 356 4533; x_wconf 84' lang='lat' dir='ltr'><strong>ol</strong></span> <span class='ocrx_word' id='word_1_442' title='bbox 370 4470 466 4536; x_wconf 80' lang='grc' dir='ltr'><strong><em>τοάτοο</em></strong></span> <span class='ocrx_word' id='word_1_443' title='bbox 480 4478 534 4536; x_wconf 67' lang='grc' dir='ltr'><strong><em>τῖον</em></strong></span> <span class='ocrx_word' id='word_1_444' title='bbox 550 4474 622 4554; x_wconf 80' lang='grc' dir='ltr'><strong>ίμῶν</strong></span> <span class='ocrx_word' id='word_1_445' title='bbox 636 4470 792 4557; x_wconf 75' lang='grc' dir='ltr'><strong><em>θυγατέροιν</em></strong></span> <span class='ocrx_word' id='word_1_446' title='bbox 807 4472 960 4553; x_wconf 85' lang='grc' dir='ltr'><strong><em>ἐδικάζοντο</em></strong></span> <span class='ocrx_word' id='word_1_447' title='bbox 978 4490 1074 4555; x_wconf 67' lang='lat'>1124,</span> <span class='ocrx_word' id='word_1_448' title='bbox 1088 4490 1140 4538; x_wconf 93' lang='lat'><strong>11.</strong></span> <span class='ocrx_word' id='word_1_449' title='bbox 1160 4469 1384 4537; x_wconf 78' lang='lat' dir='ltr'><strong>contenderent</strong></span> 
     </span>
    </p>
   </div>
   <div class='ocr_carea' id='block_1_8' title="bbox 0 0 1511 4992">
    <p class='ocr_par' dir='ltr' id='par_1_13' title="bbox 0 0 1511 4992">
     <span class='ocr_line' id='line_1_50' title="bbox 0 0 1511 4992; baseline 0 0"><span class='ocrx_word' id='word_1_450' title='bbox 0 0 1511 4992; x_wconf 95' lang='lat' dir='ltr'><strong> </strong></span> 
     </span>
    </p>
   </div>
  </div>
 </body>
</html>
