<?xml version="1.0" encoding="UTF-8"?>
<!DOCTYPE html PUBLIC "-//W3C//DTD XHTML 1.0 Transitional//EN"
    "http://www.w3.org/TR/xhtml1/DTD/xhtml1-transitional.dtd">
<html xmlns="http://www.w3.org/1999/xhtml" xml:lang="en" lang="en">
 <head>
  <title>
</title>
<meta http-equiv="Content-Type" content="text/html;charset=utf-8" />
  <meta name='ocr-system' content='tesseract 3.04.00' />
  <meta name='ocr-capabilities' content='ocr_page ocr_carea ocr_par ocr_line ocrx_word'/>
</head>
<body>
  <div class='ocr_page' id='page_1' title='image "./indicesgraecita01mitcgoog_0323.png"; bbox 0 0 3009 4992; ppageno 0'>
   <div class='ocr_carea' id='block_1_1' title="bbox 539 214 1248 308">
    <p class='ocr_par' dir='ltr' id='par_1_1' title="bbox 539 214 1248 308">
     <span class='ocr_line' id='line_1_1' title="bbox 539 214 1248 308; baseline 0.003 -25"><span class='ocrx_word' id='word_1_1' title='bbox 539 214 864 285; x_wconf 70' lang='lat' dir='ltr'>uouemere.</span> <span class='ocrx_word' id='word_1_2' title='bbox 1186 240 1248 308; x_wconf 85' lang='lat'><strong><em>311</em></strong></span> 
     </span>
    </p>
   </div>
   <div class='ocr_carea' id='block_1_2' title="bbox 144 389 1254 1055">
    <p class='ocr_par' dir='ltr' id='par_1_2' title="bbox 144 389 1254 1055">
     <span class='ocr_line' id='line_1_2' title="bbox 191 389 1250 476; baseline 0.001 -20"><span class='ocrx_word' id='word_1_3' title='bbox 191 390 325 476; x_wconf 81' lang='grc' dir='ltr'><strong><em>ἐλπίζων]</em></strong></span> <span class='ocrx_word' id='word_1_4' title='bbox 350 390 433 465; x_wconf 78' lang='grc' dir='ltr'><strong><em>ωέτδς</em></strong></span> <span class='ocrx_word' id='word_1_5' title='bbox 446 389 498 473; x_wconf 75' lang='lat' dir='ltr'><strong><em>pir</em></strong></span> <span class='ocrx_word' id='word_1_6' title='bbox 511 392 586 455; x_wconf 83' lang='grc' dir='ltr'><strong><em>οιῖδέν</em></strong></span> <span class='ocrx_word' id='word_1_7' title='bbox 599 390 718 467; x_wconf 87' lang='grc' dir='ltr'><strong><em>ἐνιαστος</em></strong></span> <span class='ocrx_word' id='word_1_8' title='bbox 732 390 853 469; x_wconf 77' lang='grc' dir='ltr'><strong><em>ποιῆσειν</em></strong></span> <span class='ocrx_word' id='word_1_9' title='bbox 872 390 1000 473; x_wconf 84' lang='grc' dir='ltr'><strong><em>ἐλπίζων,</em></strong></span> <span class='ocrx_word' id='word_1_10' title='bbox 1018 393 1066 457; x_wconf 90' lang='grc' dir='ltr'><strong><em>τδν</em></strong></span> <span class='ocrx_word' id='word_1_11' title='bbox 1085 393 1113 457; x_wconf 85' lang='grc' dir='ltr'><strong><em>δέ</em></strong></span> <span class='ocrx_word' id='word_1_12' title='bbox 1131 392 1250 471; x_wconf 83' lang='grc' dir='ltr'><strong><em>πλησίον</em></strong></span> 
     </span>
     <span class='ocr_line' id='line_1_3' title="bbox 147 476 1248 564; baseline 0 -22"><span class='ocrx_word' id='word_1_13' title='bbox 147 477 226 543; x_wconf 80' lang='grc' dir='ltr'><strong><em>πεῖνθ</em></strong></span> <span class='ocrx_word' id='word_1_14' title='bbox 240 479 307 563; x_wconf 82' lang='grc' dir='ltr'><strong><em>ιῖπέρ</em></strong></span> <span class='ocrx_word' id='word_1_15' title='bbox 321 480 407 541; x_wconf 82' lang='grc' dir='ltr'><strong><em>αθποιῖ</em></strong></span> <span class='ocrx_word' id='word_1_16' title='bbox 424 476 538 562; x_wconf 79' lang='grc' dir='ltr'><strong><em>πρόξειν</em></strong></span> <span class='ocrx_word' id='word_1_17' title='bbox 555 496 612 558; x_wconf 90' lang='grc'><strong><em>42,</em></strong></span> <span class='ocrx_word' id='word_1_18' title='bbox 629 496 680 542; x_wconf 92' lang='grc'><strong><em>11.</em></strong></span> <span class='ocrx_word' id='word_1_19' title='bbox 723 478 773 541; x_wconf 75' lang='lat' dir='ltr'><strong><em>aui</em></strong></span> <span class='ocrx_word' id='word_1_20' title='bbox 791 478 872 541; x_wconf 79' lang='grc' dir='ltr'><strong><em>ταῦτ’</em></strong></span> <span class='ocrx_word' id='word_1_21' title='bbox 894 478 1053 543; x_wconf 85' lang='grc' dir='ltr'><strong><em>ἐλπίσαντα</em></strong></span> <span class='ocrx_word' id='word_1_22' title='bbox 1070 480 1136 564; x_wconf 84' lang='grc' dir='ltr'><strong><em>παρ’</em></strong></span> <span class='ocrx_word' id='word_1_23' title='bbox 1150 483 1248 543; x_wconf 77' lang='grc' dir='ltr'><strong><em>αὐτοῦ.</em></strong></span> 
     </span>
     <span class='ocr_line' id='line_1_4' title="bbox 146 560 1248 648; baseline 0 -19"><span class='ocrx_word' id='word_1_24' title='bbox 146 563 213 629; x_wconf 76' lang='lat' dir='ltr'>acii.</span> <span class='ocrx_word' id='word_1_25' title='bbox 229 564 369 641; x_wconf 76' lang='grc' dir='ltr'><strong><em>λίηψεσθαι</em></strong></span> <span class='ocrx_word' id='word_1_26' title='bbox 386 576 464 648; x_wconf 88' lang='grc'><strong>374,</strong></span> <span class='ocrx_word' id='word_1_27' title='bbox 481 582 508 625; x_wconf 92' lang='lat'><strong><em>1.</em></strong></span> <span class='ocrx_word' id='word_1_28' title='bbox 542 560 680 645; x_wconf 83' lang='grc' dir='ltr'><strong><em>δμᾶλλον</em></strong></span> <span class='ocrx_word' id='word_1_29' title='bbox 690 564 762 637; x_wconf 85' lang='grc' dir='ltr'><strong><em>εέιεδς</em></strong></span> <span class='ocrx_word' id='word_1_30' title='bbox 776 564 858 628; x_wconf 82' lang='grc' dir='ltr'><strong><em>αότδι</em></strong></span> <span class='ocrx_word' id='word_1_31' title='bbox 873 562 1025 643; x_wconf 63' lang='grc' dir='ltr'><strong><em>1’ἐλτίσαη</em></strong></span> <span class='ocrx_word' id='word_1_32' title='bbox 1039 562 1056 642; x_wconf 75' lang='grc' dir='ltr'><strong>ἢ</strong></span> <span class='ocrx_word' id='word_1_33' title='bbox 1069 569 1108 647; x_wconf 72' lang='grc' dir='ltr'><strong><em>μὴ</em></strong></span> <span class='ocrx_word' id='word_1_34' title='bbox 1122 569 1248 643; x_wconf 77' lang='grc' dir='ltr'><strong><em>ποιῆσαι,</em></strong></span> 
     </span>
     <span class='ocr_line' id='line_1_5' title="bbox 145 647 1249 735; baseline 0.003 -22"><span class='ocrx_word' id='word_1_35' title='bbox 145 647 291 727; x_wconf 88' lang='grc' dir='ltr'><strong><em>δονηθέντα</em></strong></span> <span class='ocrx_word' id='word_1_36' title='bbox 305 651 382 735; x_wconf 88' lang='grc'><strong>655,</strong></span> <span class='ocrx_word' id='word_1_37' title='bbox 398 667 451 714; x_wconf 90' lang='grc'><strong><em>20.</em></strong></span> <span class='ocrx_word' id='word_1_38' title='bbox 495 670 555 735; x_wconf 82' lang='lat' dir='ltr'><strong><em>pro</em></strong></span> <span class='ocrx_word' id='word_1_39' title='bbox 567 663 716 714; x_wconf 79' lang='lat' dir='ltr'>metuere</span> <span class='ocrx_word' id='word_1_40' title='bbox 738 651 819 725; x_wconf 80' lang='grc' dir='ltr'><strong><em>δῆλον</em></strong></span> <span class='ocrx_word' id='word_1_41' title='bbox 833 648 873 713; x_wconf 83' lang='grc' dir='ltr'><strong><em>ότι</em></strong></span> <span class='ocrx_word' id='word_1_42' title='bbox 889 650 969 714; x_wconf 87' lang='grc' dir='ltr'><strong><em>διινδν</em></strong></span> <span class='ocrx_word' id='word_1_43' title='bbox 983 648 1016 713; x_wconf 87' lang='grc' dir='ltr'><strong><em>ἐέν</em></strong></span> <span class='ocrx_word' id='word_1_44' title='bbox 1030 676 1057 713; x_wconf 90' lang='grc' dir='ltr'><strong><em>τι</em></strong></span> <span class='ocrx_word' id='word_1_45' title='bbox 1072 652 1164 715; x_wconf 88' lang='grc' dir='ltr'><strong><em>παθεῖν</em></strong></span> <span class='ocrx_word' id='word_1_46' title='bbox 1179 676 1249 716; x_wconf 80' lang='grc' dir='ltr'><strong><em>σαν·</em></strong></span> 
     </span>
     <span class='ocr_line' id='line_1_6' title="bbox 144 732 1250 821; baseline -0.001 -21"><span class='ocrx_word' id='word_1_47' title='bbox 144 737 194 800; x_wconf 88' lang='grc' dir='ltr'><strong><em>τδν</em></strong></span> <span class='ocrx_word' id='word_1_48' title='bbox 207 736 330 818; x_wconf 80' lang='grc' dir='ltr'><strong><em>ἤλπιζες,</em></strong></span> <span class='ocrx_word' id='word_1_49' title='bbox 345 739 367 798; x_wconf 82' lang='grc' dir='ltr'><strong><em>εἰ</em></strong></span> <span class='ocrx_word' id='word_1_50' title='bbox 380 734 494 799; x_wconf 76' lang='grc' dir='ltr'><strong><em>πύθοινθ’</em></strong></span> <span class='ocrx_word' id='word_1_51' title='bbox 509 732 581 798; x_wconf 78' lang='grc' dir='ltr'><strong><em>οὗτοι</em></strong></span> <span class='ocrx_word' id='word_1_52' title='bbox 604 738 642 798; x_wconf 81' lang='grc' dir='ltr'><strong><em>τοὶ</em></strong></span> <span class='ocrx_word' id='word_1_53' title='bbox 664 735 709 799; x_wconf 82' lang='grc' dir='ltr'><strong><em>σοδ</em></strong></span> <span class='ocrx_word' id='word_1_54' title='bbox 724 734 911 821; x_wconf 85' lang='grc' dir='ltr'><strong><em>πετραγμίνα</em></strong></span> <span class='ocrx_word' id='word_1_55' title='bbox 924 738 1001 817; x_wconf 90' lang='lat'>416,</span> <span class='ocrx_word' id='word_1_56' title='bbox 1019 736 1156 812; x_wconf 76' lang='lat' dir='ltr'>12.=rr&#39;5</span> <span class='ocrx_word' id='word_1_57' title='bbox 1171 762 1250 820; x_wconf 76' lang='lat' dir='ltr'>ropa-</span> 
     </span>
     <span class='ocr_line' id='line_1_7' title="bbox 146 820 1249 909; baseline 0.003 -24"><span class='ocrx_word' id='word_1_58' title='bbox 146 822 224 897; x_wconf 81' lang='grc' dir='ltr'><strong><em>θέιης</em></strong></span> <span class='ocrx_word' id='word_1_59' title='bbox 237 822 353 899; x_wconf 76' lang='grc' dir='ltr'><strong><em>ἤλπισιν</em></strong></span> <span class='ocrx_word' id='word_1_60' title='bbox 368 820 559 907; x_wconf 74' lang='lat' dir='ltr'>(suspicatus</span> <span class='ocrx_word' id='word_1_61' title='bbox 571 843 712 907; x_wconf 86' lang='lat' dir='ltr'>unquam</span> <span class='ocrx_word' id='word_1_62' title='bbox 726 820 804 906; x_wconf 87' lang='lat' dir='ltr'>fuit)</span> <span class='ocrx_word' id='word_1_63' title='bbox 822 823 1031 909; x_wconf 75' lang='grc' dir='ltr'><strong><em>ἁμαρτήσεσθαι</em></strong></span> <span class='ocrx_word' id='word_1_64' title='bbox 1053 831 1108 887; x_wconf 82' lang='grc' dir='ltr'><strong><em>τῶν</em></strong></span> <span class='ocrx_word' id='word_1_65' title='bbox 1128 830 1249 888; x_wconf 79' lang='grc' dir='ltr'><strong><em>πολιτῶν</em></strong></span> 
     </span>
     <span class='ocr_line' id='line_1_8' title="bbox 144 907 1254 1055; baseline -0.001 -82"><span class='ocrx_word' id='word_1_66' title='bbox 144 912 211 973; x_wconf 73' lang='grc' dir='ltr'><strong><em>τινὰ</em></strong></span> <span class='ocrx_word' id='word_1_67' title='bbox 223 908 352 982; x_wconf 80' lang='grc' dir='ltr'><strong><em>τοιαότην</em></strong></span> <span class='ocrx_word' id='word_1_68' title='bbox 365 907 507 993; x_wconf 85' lang='grc' dir='ltr'><strong><em>οῖμαρτίαν</em></strong></span> <span class='ocrx_word' id='word_1_69' title='bbox 521 907 563 973; x_wconf 90' lang='lat' dir='ltr'><strong><em>L.</em></strong></span> <span class='ocrx_word' id='word_1_70' title='bbox 581 907 656 1055; x_wconf 80' lang='lat'>189,</span> <span class='ocrx_word' id='word_1_71' title='bbox 673 926 724 993; x_wconf 85' lang='grc'><strong><em>23.</em></strong></span> <span class='ocrx_word' id='word_1_72' title='bbox 741 908 795 974; x_wconf 96' lang='grc'><strong><em>28.</em></strong></span> <span class='ocrx_word' id='word_1_73' title='bbox 1252 946 1254 951; x_wconf 92' lang='grc'><strong><em>·</em></strong></span> 
     </span>
    </p>
   </div>
   <div class='ocr_carea' id='block_1_3' title="bbox 57 993 1320 4525">
    <p class='ocr_par' dir='ltr' id='par_1_3' title="bbox 57 993 1320 4525">
     <span class='ocr_line' id='line_1_9' title="bbox 191 993 1249 1078; baseline 0.005 -23"><span class='ocrx_word' id='word_1_74' title='bbox 191 994 284 1078; x_wconf 77' lang='grc' dir='ltr'><strong><em>ἐλπίς]</em></strong></span> <span class='ocrx_word' id='word_1_75' title='bbox 307 993 416 1072; x_wconf 80' lang='grc' dir='ltr'><strong><em>ἤνθησεν</em></strong></span> <span class='ocrx_word' id='word_1_76' title='bbox 428 996 473 1058; x_wconf 79' lang='grc' dir='ltr'><strong><em>ἐπί</em></strong></span> <span class='ocrx_word' id='word_1_77' title='bbox 488 998 550 1069; x_wconf 89' lang='grc' dir='ltr'><strong><em>ταῖς</em></strong></span> <span class='ocrx_word' id='word_1_78' title='bbox 564 998 618 1057; x_wconf 91' lang='grc' dir='ltr'><strong><em>ἐλπ</em></strong></span> <span class='ocrx_word' id='word_1_79' title='bbox 629 1018 673 1056; x_wconf 94' lang='grc' dir='ltr'><strong><em>σιν</em></strong></span> <span class='ocrx_word' id='word_1_80' title='bbox 688 1011 742 1069; x_wconf 88' lang='grc'><strong><em>21,</em></strong></span> <span class='ocrx_word' id='word_1_81' title='bbox 759 1011 789 1060; x_wconf 90' lang='grc'><strong>2.</strong></span> <span class='ocrx_word' id='word_1_82' title='bbox 833 996 884 1067; x_wconf 81' lang='grc' dir='ltr'><strong><em>τοὶς</em></strong></span> <span class='ocrx_word' id='word_1_83' title='bbox 895 995 950 1057; x_wconf 80' lang='grc' dir='ltr'><strong><em>ἀπδ</em></strong></span> <span class='ocrx_word' id='word_1_84' title='bbox 965 1000 1014 1059; x_wconf 84' lang='grc' dir='ltr'><strong><em>τοῦ</em></strong></span> <span class='ocrx_word' id='word_1_85' title='bbox 1029 994 1155 1078; x_wconf 77' lang='grc' dir='ltr'><strong><em>βήματος</em></strong></span> <span class='ocrx_word' id='word_1_86' title='bbox 1170 996 1249 1061; x_wconf 91' lang='grc' dir='ltr'><strong><em>ἐλπί-</em></strong></span> 
     </span>
     <span class='ocr_line' id='line_1_10' title="bbox 146 1077 1249 1164; baseline 0.005 -23"><span class='ocrx_word' id='word_1_87' title='bbox 146 1080 197 1154; x_wconf 83' lang='grc' dir='ltr'><strong><em>δας</em></strong></span> <span class='ocrx_word' id='word_1_88' title='bbox 216 1078 380 1161; x_wconf 72' lang='grc' dir='ltr'><strong><em>ἐιιπέμθνητε</em></strong></span> <span class='ocrx_word' id='word_1_89' title='bbox 399 1093 453 1163; x_wconf 92' lang='grc'><strong><em>53,</em></strong></span> <span class='ocrx_word' id='word_1_90' title='bbox 468 1080 500 1144; x_wconf 91' lang='grc'><strong><em>8.</em></strong></span> <span class='ocrx_word' id='word_1_91' title='bbox 542 1080 590 1144; x_wconf 83' lang='grc' dir='ltr'><strong><em>καί</em></strong></span> <span class='ocrx_word' id='word_1_92' title='bbox 604 1083 660 1153; x_wconf 90' lang='grc' dir='ltr'><strong><em>τοῖς</em></strong></span> <span class='ocrx_word' id='word_1_93' title='bbox 676 1077 797 1164; x_wconf 72' lang='grc' dir='ltr'><strong><em>ἐκγόνοις</em></strong></span> <span class='ocrx_word' id='word_1_94' title='bbox 818 1080 884 1163; x_wconf 88' lang='grc' dir='ltr'><strong><em>πρδς</em></strong></span> <span class='ocrx_word' id='word_1_95' title='bbox 904 1082 956 1154; x_wconf 75' lang='grc' dir='ltr'><strong><em>τοῖς</em></strong></span> <span class='ocrx_word' id='word_1_96' title='bbox 977 1080 1089 1155; x_wconf 87' lang='grc' dir='ltr'><strong><em>ἐλπίδας</em></strong></span> <span class='ocrx_word' id='word_1_97' title='bbox 1110 1080 1177 1145; x_wconf 85' lang='grc' dir='ltr'><strong><em>εέναι</em></strong></span> <span class='ocrx_word' id='word_1_98' title='bbox 1199 1086 1249 1162; x_wconf 70' lang='lat' dir='ltr'><strong><em>rip</em></strong></span> 
     </span>
     <span class='ocr_line' id='line_1_11' title="bbox 145 1162 1247 1252; baseline 0.001 -24"><span class='ocrx_word' id='word_1_99' title='bbox 145 1167 248 1252; x_wconf 82' lang='grc' dir='ltr'><strong><em>εέρίηνην</em></strong></span> <span class='ocrx_word' id='word_1_100' title='bbox 269 1163 384 1243; x_wconf 84' lang='grc' dir='ltr'><strong><em>ταότην.</em></strong></span> <span class='ocrx_word' id='word_1_101' title='bbox 412 1163 444 1228; x_wconf 86' lang='lat' dir='ltr'><strong><em>id</em></strong></span> <span class='ocrx_word' id='word_1_102' title='bbox 466 1179 514 1230; x_wconf 78' lang='lat' dir='ltr'>eat</span> <span class='ocrx_word' id='word_1_103' title='bbox 536 1164 584 1229; x_wconf 81' lang='grc' dir='ltr'><strong><em>καί</em></strong></span> <span class='ocrx_word' id='word_1_104' title='bbox 604 1166 667 1239; x_wconf 77' lang='grc' dir='ltr'><strong><em>τοὺς</em></strong></span> <span class='ocrx_word' id='word_1_105' title='bbox 690 1162 818 1249; x_wconf 77' lang='grc' dir='ltr'><strong><em>ἐκγόνους</em></strong></span> <span class='ocrx_word' id='word_1_106' title='bbox 839 1166 891 1227; x_wconf 91' lang='grc' dir='ltr'><strong><em>δεῖν</em></strong></span> <span class='ocrx_word' id='word_1_107' title='bbox 912 1164 1030 1247; x_wconf 86' lang='grc' dir='ltr'><strong><em>ἐλπίζειν</em></strong></span> <span class='ocrx_word' id='word_1_108' title='bbox 1048 1167 1143 1243; x_wconf 79' lang='grc' dir='ltr'><strong><em>αι’ττῆν.</em></strong></span> <span class='ocrx_word' id='word_1_109' title='bbox 1165 1167 1247 1235; x_wconf 75' lang='lat' dir='ltr'>hanc</span> 
     </span>
     <span class='ocr_line' id='line_1_12' title="bbox 145 1249 1249 1338; baseline 0.005 -22"><span class='ocrx_word' id='word_1_110' title='bbox 145 1251 279 1316; x_wconf 89' lang='lat' dir='ltr'>eandem</span> <span class='ocrx_word' id='word_1_111' title='bbox 293 1272 401 1338; x_wconf 74' lang='lat' dir='ltr'>paoem</span> <span class='ocrx_word' id='word_1_112' title='bbox 415 1251 547 1337; x_wconf 74' lang='lat' dir='ltr'>posteris</span> <span class='ocrx_word' id='word_1_113' title='bbox 556 1274 601 1338; x_wconf 93' lang='lat' dir='ltr'><strong><em>qu</em></strong></span> <span class='ocrx_word' id='word_1_114' title='bbox 644 1274 685 1315; x_wconf 90' lang='lat' dir='ltr'>ue</span> <span class='ocrx_word' id='word_1_115' title='bbox 694 1249 894 1337; x_wconf 79' lang='lat' dir='ltr'>sperandam,</span> <span class='ocrx_word' id='word_1_116' title='bbox 904 1250 955 1316; x_wconf 85' lang='lat' dir='ltr'>vel</span> <span class='ocrx_word' id='word_1_117' title='bbox 969 1252 1167 1319; x_wconf 81' lang='lat' dir='ltr'><strong>metuendam</strong></span> <span class='ocrx_word' id='word_1_118' title='bbox 1182 1278 1249 1321; x_wconf 75' lang='lat' dir='ltr'>ease</span> 
     </span>
     <span class='ocr_line' id='line_1_13' title="bbox 147 1273 1248 1426; baseline 0.005 -24"><span class='ocrx_word' id='word_1_119' title='bbox 147 1354 203 1423; x_wconf 88' lang='grc'><strong><em>73,</em></strong></span> <span class='ocrx_word' id='word_1_120' title='bbox 221 1358 273 1424; x_wconf 91' lang='grc'><strong><em>13.</em></strong></span> <span class='ocrx_word' id='word_1_121' title='bbox 310 1345 364 1402; x_wconf 76' lang='grc' dir='ltr'><strong><em>τῶν</em></strong></span> <span class='ocrx_word' id='word_1_122' title='bbox 378 1338 491 1421; x_wconf 80' lang='grc' dir='ltr'><strong><em>ἐγαθοῖν</em></strong></span> <span class='ocrx_word' id='word_1_123' title='bbox 504 1340 557 1413; x_wconf 75' lang='grc' dir='ltr'><strong><em>τὰς</em></strong></span> <span class='ocrx_word' id='word_1_124' title='bbox 572 1273 684 1412; x_wconf 50' lang='lat' dir='ltr'><strong><em>oiim</em></strong></span> <span class='ocrx_word' id='word_1_125' title='bbox 699 1340 731 1400; x_wconf 87' lang='grc' dir='ltr'><strong><em>δι’</em></strong></span> <span class='ocrx_word' id='word_1_126' title='bbox 746 1342 822 1420; x_wconf 79' lang='grc' dir='ltr'><strong><em>ὑμῶν</em></strong></span> <span class='ocrx_word' id='word_1_127' title='bbox 836 1340 926 1402; x_wconf 73' lang='grc' dir='ltr'><strong><em>αὐτῶν</em></strong></span> <span class='ocrx_word' id='word_1_128' title='bbox 940 1337 1033 1424; x_wconf 86' lang='grc' dir='ltr'><strong><em>ἐχητε.</em></strong></span> <span class='ocrx_word' id='word_1_129' title='bbox 1056 1362 1114 1426; x_wconf 85' lang='lat' dir='ltr'>per</span> <span class='ocrx_word' id='word_1_130' title='bbox 1127 1354 1248 1407; x_wconf 83' lang='lat' dir='ltr'>vosmet</span> 
     </span>
     <span class='ocr_line' id='line_1_14' title="bbox 145 1421 1246 1511; baseline 0.005 -25"><span class='ocrx_word' id='word_1_131' title='bbox 145 1421 243 1511; x_wconf 77' lang='lat' dir='ltr'>ipsos,</span> <span class='ocrx_word' id='word_1_132' title='bbox 257 1422 336 1487; x_wconf 85' lang='lat' dir='ltr'>etin</span> <span class='ocrx_word' id='word_1_133' title='bbox 349 1422 503 1489; x_wconf 77' lang='lat' dir='ltr'>vobismet</span> <span class='ocrx_word' id='word_1_134' title='bbox 523 1426 664 1508; x_wconf 88' lang='lat'>167,11.</span> <span class='ocrx_word' id='word_1_135' title='bbox 707 1422 744 1487; x_wconf 83' lang='grc' dir='ltr'><strong><em>οῖν</em></strong></span> <span class='ocrx_word' id='word_1_136' title='bbox 766 1424 812 1502; x_wconf 79' lang='grc' dir='ltr'><strong><em>ἤδη</em></strong></span> <span class='ocrx_word' id='word_1_137' title='bbox 834 1450 862 1487; x_wconf 88' lang='grc' dir='ltr'><strong><em>τι</em></strong></span> <span class='ocrx_word' id='word_1_138' title='bbox 882 1424 930 1487; x_wconf 86' lang='grc' dir='ltr'><strong><em>καέ</em></strong></span> <span class='ocrx_word' id='word_1_139' title='bbox 952 1426 1018 1511; x_wconf 77' lang='grc' dir='ltr'><strong><em>παρ’</em></strong></span> <span class='ocrx_word' id='word_1_140' title='bbox 1034 1425 1147 1501; x_wconf 88' lang='grc' dir='ltr'><strong><em>ἐλπίδας</em></strong></span> <span class='ocrx_word' id='word_1_141' title='bbox 1166 1426 1246 1507; x_wconf 74' lang='grc' dir='ltr'><strong><em>ἐξέβη</em></strong></span> 
     </span>
     <span class='ocr_line' id='line_1_15' title="bbox 147 1507 1247 1597; baseline 0.004 -24"><span class='ocrx_word' id='word_1_142' title='bbox 147 1528 224 1587; x_wconf 91' lang='grc'><strong>210,</strong></span> <span class='ocrx_word' id='word_1_143' title='bbox 240 1510 271 1574; x_wconf 89' lang='lat'><strong><em>6.</em></strong></span> <span class='ocrx_word' id='word_1_144' title='bbox 316 1510 359 1571; x_wconf 84' lang='grc' dir='ltr'><strong><em>ἐπέ</em></strong></span> <span class='ocrx_word' id='word_1_145' title='bbox 373 1514 406 1596; x_wconf 72' lang='grc' dir='ltr'><strong><em>τῇ</em></strong></span> <span class='ocrx_word' id='word_1_146' title='bbox 420 1513 468 1586; x_wconf 82' lang='grc' dir='ltr'><strong><em>τῆς</em></strong></span> <span class='ocrx_word' id='word_1_147' title='bbox 484 1509 553 1584; x_wconf 85' lang='grc' dir='ltr'><strong><em>ῖδίας</em></strong></span> <span class='ocrx_word' id='word_1_148' title='bbox 565 1507 723 1586; x_wconf 69' lang='grc' dir='ltr'><strong><em>πλεονεξίας</em></strong></span> <span class='ocrx_word' id='word_1_149' title='bbox 741 1510 830 1573; x_wconf 90' lang='grc' dir='ltr'><strong><em>ἐλπίδι</em></strong></span> <span class='ocrx_word' id='word_1_150' title='bbox 850 1512 924 1591; x_wconf 90' lang='grc'><strong>246,</strong></span> <span class='ocrx_word' id='word_1_151' title='bbox 943 1530 994 1591; x_wconf 91' lang='grc'><strong><em>14.</em></strong></span> <span class='ocrx_word' id='word_1_152' title='bbox 1040 1512 1085 1575; x_wconf 74' lang='grc' dir='ltr'><strong><em>ἐπὶ</em></strong></span> <span class='ocrx_word' id='word_1_153' title='bbox 1099 1516 1161 1586; x_wconf 87' lang='grc' dir='ltr'><strong><em>ταῖς</em></strong></span> <span class='ocrx_word' id='word_1_154' title='bbox 1175 1528 1247 1597; x_wconf 85' lang='grc' dir='ltr'><strong><em>μιλ-</em></strong></span> 
     </span>
     <span class='ocr_line' id='line_1_16' title="bbox 146 1592 1247 1682; baseline 0.005 -23"><span class='ocrx_word' id='word_1_155' title='bbox 146 1594 262 1670; x_wconf 87' lang='grc' dir='ltr'><strong><em>λοόσαις</em></strong></span> <span class='ocrx_word' id='word_1_156' title='bbox 275 1593 397 1674; x_wconf 90' lang='grc' dir='ltr'><strong><em>ἐλπίσιν,</em></strong></span> <span class='ocrx_word' id='word_1_157' title='bbox 411 1592 446 1659; x_wconf 77' lang='grc' dir='ltr'><strong><em>οἷον</em></strong></span> <span class='ocrx_word' id='word_1_158' title='bbox 459 1596 643 1682; x_wconf 74' lang='grc' dir='ltr'><strong><em>διαμάρτοιεν.</em></strong></span> <span class='ocrx_word' id='word_1_159' title='bbox 663 1594 697 1659; x_wconf 91' lang='lat' dir='ltr'><strong><em>id</em></strong></span> <span class='ocrx_word' id='word_1_160' title='bbox 712 1607 760 1660; x_wconf 84' lang='lat' dir='ltr'><strong><em>eet</em></strong></span> <span class='ocrx_word' id='word_1_161' title='bbox 773 1596 814 1659; x_wconf 85' lang='grc' dir='ltr'><strong><em>ἐπ’</em></strong></span> <span class='ocrx_word' id='word_1_162' title='bbox 833 1596 927 1659; x_wconf 87' lang='grc' dir='ltr'><strong><em>ἐλπίσι</em></strong></span> <span class='ocrx_word' id='word_1_163' title='bbox 941 1596 1070 1662; x_wconf 72' lang='grc' dir='ltr'><strong><em>τοιούτοιν</em></strong></span> <span class='ocrx_word' id='word_1_164' title='bbox 1087 1598 1247 1680; x_wconf 75' lang='grc' dir='ltr'><strong><em>μελλόντων</em></strong></span> 
     </span>
     <span class='ocr_line' id='line_1_17' title="bbox 147 1676 1247 1782; baseline 0.005 -37"><span class='ocrx_word' id='word_1_165' title='bbox 147 1681 272 1761; x_wconf 84' lang='grc' dir='ltr'><strong><em>ἐσισθαι,</em></strong></span> <span class='ocrx_word' id='word_1_166' title='bbox 286 1676 324 1743; x_wconf 78' lang='grc' dir='ltr'><strong><em>τόν</em></strong></span> <span class='ocrx_word' id='word_1_167' title='bbox 337 1683 361 1744; x_wconf 93' lang='grc' dir='ltr'><strong><em>δ.</em></strong></span> <span class='ocrx_word' id='word_1_168' title='bbox 377 1696 453 1767; x_wconf 94' lang='grc'><strong>255,</strong></span> <span class='ocrx_word' id='word_1_169' title='bbox 471 1702 523 1767; x_wconf 86' lang='grc'><strong><em>13.</em></strong></span> <span class='ocrx_word' id='word_1_170' title='bbox 565 1682 702 1746; x_wconf 85' lang='grc' dir='ltr'><strong><em>πείθεσθαι</em></strong></span> <span class='ocrx_word' id='word_1_171' title='bbox 718 1686 780 1757; x_wconf 89' lang='grc' dir='ltr'><strong><em>ταῖς</em></strong></span> <span class='ocrx_word' id='word_1_172' title='bbox 802 1682 907 1747; x_wconf 86' lang='grc' dir='ltr'><strong><em>ἐκείνων</em></strong></span> <span class='ocrx_word' id='word_1_173' title='bbox 929 1683 1036 1747; x_wconf 89' lang='grc' dir='ltr'><strong><em>ἐλπίσι.</em></strong></span> <span class='ocrx_word' id='word_1_174' title='bbox 1058 1705 1078 1747; x_wconf 90' lang='lat' dir='ltr'>a</span> <span class='ocrx_word' id='word_1_175' title='bbox 1095 1683 1247 1782; x_wconf 85' lang='lat' dir='ltr'>pollicita·</span> 
     </span>
     <span class='ocr_line' id='line_1_18' title="bbox 146 1765 1246 1857; baseline 0.005 -26"><span class='ocrx_word' id='word_1_176' title='bbox 146 1765 286 1833; x_wconf 80' lang='lat' dir='ltr'><strong>tionibus</strong></span> <span class='ocrx_word' id='word_1_177' title='bbox 299 1789 422 1847; x_wconf 86' lang='lat' dir='ltr'>eorum,</span> <span class='ocrx_word' id='word_1_178' title='bbox 436 1780 469 1831; x_wconf 91' lang='lat' dir='ltr'>et</span> <span class='ocrx_word' id='word_1_179' title='bbox 483 1790 506 1832; x_wconf 91' lang='lat' dir='ltr'>a</span> <span class='ocrx_word' id='word_1_180' title='bbox 521 1790 577 1855; x_wconf 84' lang='lat' dir='ltr'>ape</span> <span class='ocrx_word' id='word_1_181' title='bbox 590 1767 632 1831; x_wconf 90' lang='lat' dir='ltr'><strong><em>ab</em></strong></span> <span class='ocrx_word' id='word_1_182' title='bbox 645 1767 721 1855; x_wconf 81' lang='lat' dir='ltr'>ipsis</span> <span class='ocrx_word' id='word_1_183' title='bbox 733 1768 894 1855; x_wconf 84' lang='lat' dir='ltr'>proposita</span> <span class='ocrx_word' id='word_1_184' title='bbox 907 1791 940 1833; x_wconf 85' lang='lat' dir='ltr'>se</span> <span class='ocrx_word' id='word_1_185' title='bbox 954 1769 1020 1857; x_wconf 84' lang='lat' dir='ltr'>pati</span> <span class='ocrx_word' id='word_1_186' title='bbox 1033 1769 1108 1835; x_wconf 81' lang='lat' dir='ltr'>duct</span> <span class='ocrx_word' id='word_1_187' title='bbox 1123 1771 1198 1853; x_wconf 84' lang='lat'>284,</span> <span class='ocrx_word' id='word_1_188' title='bbox 1212 1786 1246 1856; x_wconf 84' lang='lat'><strong><em>5.</em></strong></span> 
     </span>
     <span class='ocr_line' id='line_1_19' title="bbox 146 1850 1247 1941; baseline 0.005 -24"><span class='ocrx_word' id='word_1_189' title='bbox 146 1855 212 1937; x_wconf 84' lang='grc' dir='ltr'><strong><em>παρ’</em></strong></span> <span class='ocrx_word' id='word_1_190' title='bbox 235 1851 271 1917; x_wconf 77' lang='grc' dir='ltr'><strong><em>ὦν</em></strong></span> <span class='ocrx_word' id='word_1_191' title='bbox 294 1850 330 1937; x_wconf 88' lang='lat' dir='ltr'><strong><em>[a</em></strong></span> <span class='ocrx_word' id='word_1_192' title='bbox 347 1852 408 1918; x_wconf 86' lang='lat' dir='ltr'>diia</span> <span class='ocrx_word' id='word_1_193' title='bbox 426 1867 516 1941; x_wconf 80' lang='lat' dir='ltr'>puta,</span> <span class='ocrx_word' id='word_1_194' title='bbox 531 1876 652 1941; x_wconf 81' lang='lat' dir='ltr'>suaque</span> <span class='ocrx_word' id='word_1_195' title='bbox 670 1855 825 1941; x_wconf 75' lang='lat' dir='ltr'>cujusque</span> <span class='ocrx_word' id='word_1_196' title='bbox 846 1854 1032 1921; x_wconf 78' lang='lat' dir='ltr'>conscientia</span> <span class='ocrx_word' id='word_1_197' title='bbox 1053 1869 1136 1921; x_wconf 87' lang='lat' dir='ltr'>recte</span> <span class='ocrx_word' id='word_1_198' title='bbox 1150 1856 1247 1922; x_wconf 85' lang='lat' dir='ltr'>facto-</span> 
     </span>
     <span class='ocr_line' id='line_1_20' title="bbox 147 1939 1248 2031; baseline 0.005 -27"><span class='ocrx_word' id='word_1_199' title='bbox 147 1941 236 2029; x_wconf 89' lang='lat' dir='ltr'>rum]</span> <span class='ocrx_word' id='word_1_200' title='bbox 260 1940 381 2024; x_wconf 83' lang='grc' dir='ltr'><strong><em>κρεῖττόν</em></strong></span> <span class='ocrx_word' id='word_1_201' title='bbox 402 1943 463 2004; x_wconf 91' lang='grc' dir='ltr'><strong><em>ἐστι</em></strong></span> <span class='ocrx_word' id='word_1_202' title='bbox 484 1944 536 2015; x_wconf 75' lang='grc' dir='ltr'><strong><em>τοῖς</em></strong></span> <span class='ocrx_word' id='word_1_203' title='bbox 558 1942 669 2025; x_wconf 76' lang='grc' dir='ltr'><strong><em>ἀγαθοῖς</em></strong></span> <span class='ocrx_word' id='word_1_204' title='bbox 691 1939 804 2016; x_wconf 78' lang='grc' dir='ltr'><strong><em>ἐλπίδας</em></strong></span> <span class='ocrx_word' id='word_1_205' title='bbox 826 1945 915 2027; x_wconf 73' lang='grc' dir='ltr'><strong><em>ἐαυτῷ</em></strong></span> <span class='ocrx_word' id='word_1_206' title='bbox 935 1943 982 2005; x_wconf 77' lang='grc' dir='ltr'><strong><em>καί</em></strong></span> <span class='ocrx_word' id='word_1_207' title='bbox 1001 1946 1057 2017; x_wconf 91' lang='grc' dir='ltr'><strong><em>τοῖς</em></strong></span> <span class='ocrx_word' id='word_1_208' title='bbox 1076 1944 1158 2007; x_wconf 76' lang='grc' dir='ltr'><strong><em>παισί</em></strong></span> <span class='ocrx_word' id='word_1_209' title='bbox 1173 1970 1248 2031; x_wconf 87' lang='grc' dir='ltr'><strong><em>περι-</em></strong></span> 
     </span>
     <span class='ocr_line' id='line_1_21' title="bbox 146 2024 1247 2115; baseline 0.004 -26"><span class='ocrx_word' id='word_1_210' title='bbox 146 2027 314 2103; x_wconf 84' lang='grc' dir='ltr'><strong><em>ποιίησασθαι</em></strong></span> <span class='ocrx_word' id='word_1_211' title='bbox 327 2030 367 2089; x_wconf 78' lang='grc' dir='ltr'><strong><em>τοὶ</em></strong></span> <span class='ocrx_word' id='word_1_212' title='bbox 380 2024 475 2090; x_wconf 77' lang='grc' dir='ltr'><strong><em>δίκαια</em></strong></span> <span class='ocrx_word' id='word_1_213' title='bbox 489 2026 592 2113; x_wconf 81' lang='grc' dir='ltr'><strong><em>γνόντα</em></strong></span> <span class='ocrx_word' id='word_1_214' title='bbox 604 2027 682 2107; x_wconf 88' lang='grc'><strong>416,</strong></span> <span class='ocrx_word' id='word_1_215' title='bbox 697 2045 725 2091; x_wconf 91' lang='grc'><strong><em>2.</em></strong></span> <span class='ocrx_word' id='word_1_216' title='bbox 756 2026 895 2101; x_wconf 83' lang='grc' dir='ltr'><strong><em>ὑποθέντες</em></strong></span> <span class='ocrx_word' id='word_1_217' title='bbox 904 2028 969 2109; x_wconf 89' lang='grc' dir='ltr'><strong><em>πρδς</em></strong></span> <span class='ocrx_word' id='word_1_218' title='bbox 981 2034 1063 2091; x_wconf 83' lang='grc' dir='ltr'><strong><em>τοῦτο</em></strong></span> <span class='ocrx_word' id='word_1_219' title='bbox 1077 2030 1247 2115; x_wconf 74' lang='grc' dir='ltr'><strong><em>ἀνθρωπίνως</em></strong></span> 
     </span>
     <span class='ocr_line' id='line_1_22' title="bbox 146 2110 1248 2201; baseline -0.004 -26"><span class='ocrx_word' id='word_1_220' title='bbox 146 2115 200 2187; x_wconf 73' lang='grc' dir='ltr'><strong><em>τὰς</em></strong></span> <span class='ocrx_word' id='word_1_221' title='bbox 214 2110 326 2186; x_wconf 86' lang='grc' dir='ltr'><strong><em>ἐλτιδας</em></strong></span> <span class='ocrx_word' id='word_1_222' title='bbox 340 2112 417 2199; x_wconf 90' lang='grc'><strong>638,</strong></span> <span class='ocrx_word' id='word_1_223' title='bbox 433 2132 484 2195; x_wconf 89' lang='grc'><strong><em>24.</em></strong></span> <span class='ocrx_word' id='word_1_224' title='bbox 529 2114 589 2195; x_wconf 74' lang='grc' dir='ltr'><strong><em>ἐμοὶ</em></strong></span> <span class='ocrx_word' id='word_1_225' title='bbox 608 2114 630 2174; x_wconf 90' lang='grc' dir='ltr'><strong><em>δ’</em></strong></span> <span class='ocrx_word' id='word_1_226' title='bbox 646 2110 746 2175; x_wconf 89' lang='grc' dir='ltr'><strong><em>ἐλπίδα</em></strong></span> <span class='ocrx_word' id='word_1_227' title='bbox 766 2120 821 2176; x_wconf 79' lang='grc' dir='ltr'><strong><em>τῶν</em></strong></span> <span class='ocrx_word' id='word_1_228' title='bbox 843 2111 987 2196; x_wconf 81' lang='grc' dir='ltr'><strong><em>μεγίστων</em></strong></span> <span class='ocrx_word' id='word_1_229' title='bbox 1008 2115 1110 2196; x_wconf 75' lang='grc' dir='ltr'><strong><em>δωρεῶν</em></strong></span> <span class='ocrx_word' id='word_1_230' title='bbox 1131 2117 1248 2201; x_wconf 80' lang='grc' dir='ltr'><strong><em>προοδο-</em></strong></span> 
     </span>
     <span class='ocr_line' id='line_1_23' title="bbox 146 2198 1247 2285; baseline 0.001 -23"><span class='ocrx_word' id='word_1_231' title='bbox 146 2201 252 2262; x_wconf 77' lang='grc' dir='ltr'><strong><em>κεῖσθαι</em></strong></span> <span class='ocrx_word' id='word_1_232' title='bbox 277 2200 341 2284; x_wconf 80' lang='grc' dir='ltr'><strong><em>παρ’</em></strong></span> <span class='ocrx_word' id='word_1_233' title='bbox 364 2203 439 2283; x_wconf 78' lang='grc' dir='ltr'><strong><em>ὑμῶν</em></strong></span> <span class='ocrx_word' id='word_1_234' title='bbox 466 2200 559 2280; x_wconf 92' lang='grc'><strong>1468,</strong></span> <span class='ocrx_word' id='word_1_235' title='bbox 586 2218 637 2285; x_wconf 91' lang='grc'><strong><em>13.</em></strong></span> <span class='ocrx_word' id='word_1_236' title='bbox 680 2201 729 2277; x_wconf 74' lang='grc' dir='ltr'><strong><em>την</em></strong></span> <span class='ocrx_word' id='word_1_237' title='bbox 751 2198 860 2283; x_wconf 73' lang='grc' dir='ltr'><strong><em>ἀγαθὴν</em></strong></span> <span class='ocrx_word' id='word_1_238' title='bbox 882 2198 1125 2284; x_wconf 76' lang='grc' dir='ltr'><strong><em>προβαλλομένους</em></strong></span> <span class='ocrx_word' id='word_1_239' title='bbox 1146 2198 1247 2263; x_wconf 83' lang='grc' dir='ltr'><strong><em>ἐλπίδα</em></strong></span> 
     </span>
     <span class='ocr_line' id='line_1_24' title="bbox 147 2282 1246 2371; baseline -0.002 -22"><span class='ocrx_word' id='word_1_240' title='bbox 147 2285 225 2370; x_wconf 86' lang='grc'><strong>258,</strong></span> <span class='ocrx_word' id='word_1_241' title='bbox 240 2302 294 2369; x_wconf 90' lang='grc'><strong><em>23.</em></strong></span> <span class='ocrx_word' id='word_1_242' title='bbox 336 2284 441 2348; x_wconf 86' lang='grc' dir='ltr'><strong><em>τοότων</em></strong></span> <span class='ocrx_word' id='word_1_243' title='bbox 454 2286 507 2348; x_wconf 76' lang='lat' dir='ltr'><strong><em>ott</em></strong></span> <span class='ocrx_word' id='word_1_244' title='bbox 523 2289 560 2360; x_wconf 87' lang='grc' dir='ltr'><strong><em>εές</em></strong></span> <span class='ocrx_word' id='word_1_245' title='bbox 575 2282 673 2349; x_wconf 83' lang='grc' dir='ltr'><strong><em>ἐλπίδα</em></strong></span> <span class='ocrx_word' id='word_1_246' title='bbox 690 2283 774 2359; x_wconf 84' lang='grc' dir='ltr'><strong><em>οόδεές</em></strong></span> <span class='ocrx_word' id='word_1_247' title='bbox 788 2282 902 2371; x_wconf 80' lang='grc' dir='ltr'><strong><em>ἔρχεται</em></strong></span> <span class='ocrx_word' id='word_1_248' title='bbox 922 2297 1015 2365; x_wconf 89' lang='lat'>1407,</span> <span class='ocrx_word' id='word_1_249' title='bbox 1034 2284 1246 2349; x_wconf 70' lang='lat' dir='ltr'>12.=ineiior</span> 
     </span>
     <span class='ocr_line' id='line_1_25' title="bbox 146 2368 1246 2459; baseline -0.001 -24"><span class='ocrx_word' id='word_1_250' title='bbox 146 2369 391 2451; x_wconf 78' lang='grc' dir='ltr'><strong><em>κενῶνέμπλῆσας</em></strong></span> <span class='ocrx_word' id='word_1_251' title='bbox 405 2370 461 2435; x_wconf 77' lang='lat' dir='ltr'><strong><em>AE.</em></strong></span> <span class='ocrx_word' id='word_1_252' title='bbox 477 2389 532 2453; x_wconf 88' lang='grc'><strong><em>24,</em></strong></span> <span class='ocrx_word' id='word_1_253' title='bbox 547 2385 600 2453; x_wconf 88' lang='grc'><strong><em>27.</em></strong></span> <span class='ocrx_word' id='word_1_254' title='bbox 641 2370 789 2445; x_wconf 72' lang='grc' dir='ltr'><strong><em>θεόδεσθαι</em></strong></span> <span class='ocrx_word' id='word_1_255' title='bbox 808 2368 916 2444; x_wconf 87' lang='grc' dir='ltr'><strong><em>ἐλπίδος</em></strong></span> <span class='ocrx_word' id='word_1_256' title='bbox 934 2370 1004 2444; x_wconf 90' lang='grc' dir='ltr'><strong><em>τινδς</em></strong></span> <span class='ocrx_word' id='word_1_257' title='bbox 1018 2390 1073 2456; x_wconf 90' lang='grc'><strong><em>34,</em></strong></span> <span class='ocrx_word' id='word_1_258' title='bbox 1091 2389 1143 2434; x_wconf 89' lang='grc'><strong><em>11.</em></strong></span> <span class='ocrx_word' id='word_1_259' title='bbox 1179 2396 1246 2459; x_wconf 76' lang='grc' dir='ltr'><strong><em>προ-</em></strong></span> 
     </span>
     <span class='ocr_line' id='line_1_26' title="bbox 146 2454 1246 2543; baseline 0.002 -24"><span class='ocrx_word' id='word_1_260' title='bbox 146 2455 227 2541; x_wconf 82' lang='grc' dir='ltr'><strong><em>όιγων</em></strong></span> <span class='ocrx_word' id='word_1_261' title='bbox 248 2461 285 2531; x_wconf 79' lang='grc' dir='ltr'><strong><em>εἰς</em></strong></span> <span class='ocrx_word' id='word_1_262' title='bbox 305 2454 419 2532; x_wconf 86' lang='grc' dir='ltr'><strong><em>ἐλπίδας</em></strong></span> <span class='ocrx_word' id='word_1_263' title='bbox 439 2462 516 2532; x_wconf 83' lang='grc' dir='ltr'><strong><em>τινοδς</em></strong></span> <span class='ocrx_word' id='word_1_264' title='bbox 535 2461 607 2539; x_wconf 80' lang='grc' dir='ltr'><strong><em>ιῖμῖις</em></strong></span> <span class='ocrx_word' id='word_1_265' title='bbox 626 2474 682 2543; x_wconf 89' lang='grc'><strong><em>43,</em></strong></span> <span class='ocrx_word' id='word_1_266' title='bbox 694 2474 747 2537; x_wconf 90' lang='grc'><strong>42.</strong></span> <span class='ocrx_word' id='word_1_267' title='bbox 792 2458 895 2537; x_wconf 86' lang='grc' dir='ltr'><strong><em>μεστδς</em></strong></span> <span class='ocrx_word' id='word_1_268' title='bbox 914 2454 1029 2520; x_wconf 78' lang='grc' dir='ltr'><strong><em>ἐλπίδων</em></strong></span> <span class='ocrx_word' id='word_1_269' title='bbox 1048 2461 1097 2521; x_wconf 78' lang='grc' dir='ltr'><strong><em>οὐκ</em></strong></span> <span class='ocrx_word' id='word_1_270' title='bbox 1111 2456 1246 2539; x_wconf 90' lang='grc' dir='ltr'><strong><em>ἐσομένων</em></strong></span> 
     </span>
     <span class='ocr_line' id='line_1_27' title="bbox 147 2540 1246 2627; baseline 0.002 -22"><span class='ocrx_word' id='word_1_271' title='bbox 147 2544 203 2626; x_wconf 86' lang='grc'><strong>67,</strong></span> <span class='ocrx_word' id='word_1_272' title='bbox 219 2540 278 2605; x_wconf 87' lang='lat' dir='ltr'>ult.</span> <span class='ocrx_word' id='word_1_273' title='bbox 321 2546 483 2627; x_wconf 77' lang='grc' dir='ltr'><strong><em>ἐννακρεμῖιν</em></strong></span> <span class='ocrx_word' id='word_1_274' title='bbox 503 2545 558 2606; x_wconf 82' lang='grc' dir='ltr'><strong><em>οέτδ</em></strong></span> <span class='ocrx_word' id='word_1_275' title='bbox 579 2551 634 2607; x_wconf 80' lang='grc' dir='ltr'><strong><em>τῶν</em></strong></span> <span class='ocrx_word' id='word_1_276' title='bbox 655 2542 772 2607; x_wconf 88' lang='grc' dir='ltr'><strong><em>ἐλπίδων</em></strong></span> <span class='ocrx_word' id='word_1_277' title='bbox 794 2543 850 2622; x_wconf 91' lang='grc'><strong><em>68,</em></strong></span> <span class='ocrx_word' id='word_1_278' title='bbox 865 2542 1056 2609; x_wconf 67' lang='grc' dir='ltr'><strong><em>2.εέλπίδων</em></strong></span> <span class='ocrx_word' id='word_1_279' title='bbox 1075 2542 1115 2607; x_wconf 86' lang='grc' dir='ltr'><strong><em>ἐτι</em></strong></span> <span class='ocrx_word' id='word_1_280' title='bbox 1134 2552 1246 2609; x_wconf 75' lang='grc' dir='ltr'><strong><em>πολλῶν</em></strong></span> 
     </span>
     <span class='ocr_line' id='line_1_28' title="bbox 146 2626 1245 2715; baseline 0.003 -25"><span class='ocrx_word' id='word_1_281' title='bbox 146 2630 235 2692; x_wconf 81' lang='grc' dir='ltr'><strong><em>οόσῶν</em></strong></span> <span class='ocrx_word' id='word_1_282' title='bbox 251 2628 280 2694; x_wconf 87' lang='grc' dir='ltr'><strong><em>Ῑ.</em></strong></span> <span class='ocrx_word' id='word_1_283' title='bbox 317 2630 349 2708; x_wconf 94' lang='grc'><strong><em>6,</em></strong></span> <span class='ocrx_word' id='word_1_284' title='bbox 370 2629 574 2714; x_wconf 58' lang='lat' dir='ltr'>gemitum</span> <span class='ocrx_word' id='word_1_285' title='bbox 596 2629 645 2691; x_wconf 83' lang='grc' dir='ltr'><strong><em>καῖ</em></strong></span> <span class='ocrx_word' id='word_1_286' title='bbox 667 2633 819 2713; x_wconf 79' lang='grc' dir='ltr'><strong><em>ἀποφυγεῖν</em></strong></span> <span class='ocrx_word' id='word_1_287' title='bbox 840 2626 1000 2715; x_wconf 78' lang='grc' dir='ltr'><strong><em>όιωφοτέρας</em></strong></span> <span class='ocrx_word' id='word_1_288' title='bbox 1022 2632 1073 2703; x_wconf 77' lang='grc' dir='ltr'><strong><em>τοῖς</em></strong></span> <span class='ocrx_word' id='word_1_289' title='bbox 1095 2628 1196 2707; x_wconf 79' lang='grc' dir='ltr'><strong><em>διείιξεις</em></strong></span> <span class='ocrx_word' id='word_1_290' title='bbox 1218 2630 1245 2694; x_wconf 86' lang='grc' dir='ltr'><strong><em>ἐν</em></strong></span> 
     </span>
     <span class='ocr_line' id='line_1_29' title="bbox 145 2648 1245 2802; baseline 0.004 -27"><span class='ocrx_word' id='word_1_291' title='bbox 145 2710 222 2788; x_wconf 73' lang='grc' dir='ltr'><strong><em>ἴσαις</em></strong></span> <span class='ocrx_word' id='word_1_292' title='bbox 235 2648 330 2777; x_wconf 70' lang='grc' dir='ltr'><strong><em>ἐλτίέι</em></strong></span> <span class='ocrx_word' id='word_1_293' title='bbox 344 2714 432 2797; x_wconf 79' lang='grc' dir='ltr'><strong><em>θῶμεν</em></strong></span> <span class='ocrx_word' id='word_1_294' title='bbox 449 2719 524 2799; x_wconf 75' lang='grc' dir='ltr'><strong><em>αὐτῷ</em></strong></span> <span class='ocrx_word' id='word_1_295' title='bbox 542 2714 618 2778; x_wconf 80' lang='grc' dir='ltr'><strong><em>εῖναι.</em></strong></span> <span class='ocrx_word' id='word_1_296' title='bbox 642 2714 798 2802; x_wconf 81' lang='lat' dir='ltr'>fingamus</span> <span class='ocrx_word' id='word_1_297' title='bbox 813 2714 974 2802; x_wconf 77' lang='lat' dir='ltr'>tantisper,</span> <span class='ocrx_word' id='word_1_298' title='bbox 988 2737 1090 2779; x_wconf 74' lang='lat' dir='ltr'>cause</span> <span class='ocrx_word' id='word_1_299' title='bbox 1103 2712 1163 2800; x_wconf 81' lang='lat' dir='ltr'>ipsi</span> <span class='ocrx_word' id='word_1_300' title='bbox 1178 2727 1245 2779; x_wconf 86' lang='lat' dir='ltr'>tan-</span> 
     </span>
     <span class='ocr_line' id='line_1_30' title="bbox 146 2798 1246 2888; baseline 0 -24"><span class='ocrx_word' id='word_1_301' title='bbox 146 2798 279 2865; x_wconf 87' lang='lat' dir='ltr'>tundem</span> <span class='ocrx_word' id='word_1_302' title='bbox 292 2799 390 2865; x_wconf 78' lang='lat' dir='ltr'>fuisse</span> <span class='ocrx_word' id='word_1_303' title='bbox 410 2800 452 2865; x_wconf 84' lang='lat' dir='ltr'><strong><em>ad</em></strong></span> <span class='ocrx_word' id='word_1_304' title='bbox 469 2800 658 2887; x_wconf 83' lang='lat' dir='ltr'>sperandum</span> <span class='ocrx_word' id='word_1_305' title='bbox 673 2824 771 2888; x_wconf 92' lang='lat' dir='ltr'>quam</span> <span class='ocrx_word' id='word_1_306' title='bbox 791 2800 833 2865; x_wconf 89' lang='lat' dir='ltr'><strong><em>ad</em></strong></span> <span class='ocrx_word' id='word_1_307' title='bbox 847 2800 1064 2878; x_wconf 87' lang='lat' dir='ltr'>metuendum,</span> <span class='ocrx_word' id='word_1_308' title='bbox 1079 2812 1111 2865; x_wconf 91' lang='lat' dir='ltr'>et</span> <span class='ocrx_word' id='word_1_309' title='bbox 1125 2798 1189 2863; x_wconf 89' lang='lat' dir='ltr'>sive</span> <span class='ocrx_word' id='word_1_310' title='bbox 1203 2799 1246 2864; x_wconf 86' lang='lat' dir='ltr'><strong><em>ad</em></strong></span> 
     </span>
     <span class='ocr_line' id='line_1_31' title="bbox 145 2885 1247 2967; baseline -0.002 -16"><span class='ocrx_word' id='word_1_311' title='bbox 145 2885 349 2951; x_wconf 87' lang='lat' dir='ltr'>obtinendam</span> <span class='ocrx_word' id='word_1_312' title='bbox 371 2886 610 2967; x_wconf 73' lang='lat' dir='ltr'>absolutionem,</span> <span class='ocrx_word' id='word_1_313' title='bbox 625 2888 691 2953; x_wconf 81' lang='lat' dir='ltr'>eive</span> <span class='ocrx_word' id='word_1_314' title='bbox 713 2887 754 2953; x_wconf 90' lang='lat' dir='ltr'><strong><em>ad</em></strong></span> <span class='ocrx_word' id='word_1_315' title='bbox 775 2886 999 2953; x_wconf 83' lang='lat' dir='ltr'>incurrendum</span> <span class='ocrx_word' id='word_1_316' title='bbox 1013 2886 1047 2949; x_wconf 90' lang='lat' dir='ltr'><strong><em>in</em></strong></span> <span class='ocrx_word' id='word_1_317' title='bbox 1060 2885 1247 2951; x_wconf 83' lang='lat' dir='ltr'>condemna-</span> 
     </span>
     <span class='ocr_line' id='line_1_32' title="bbox 146 2970 1242 3061; baseline -0.004 -23"><span class='ocrx_word' id='word_1_318' title='bbox 146 2972 276 3053; x_wconf 83' lang='lat' dir='ltr'>tionem,</span> <span class='ocrx_word' id='word_1_319' title='bbox 287 2973 321 3038; x_wconf 90' lang='lat' dir='ltr'><strong><em>in</em></strong></span> <span class='ocrx_word' id='word_1_320' title='bbox 335 2986 471 3061; x_wconf 83' lang='lat' dir='ltr'>utraque</span> <span class='ocrx_word' id='word_1_321' title='bbox 483 2996 578 3039; x_wconf 84' lang='lat' dir='ltr'>eausa</span> <span class='ocrx_word' id='word_1_322' title='bbox 590 2974 763 3061; x_wconf 77' lang='lat' dir='ltr'>equaliter,</span> <span class='ocrx_word' id='word_1_323' title='bbox 780 2988 844 3039; x_wconf 86' lang='lat' dir='ltr'><strong><em>tam</em></strong></span> <span class='ocrx_word' id='word_1_324' title='bbox 858 2972 952 3038; x_wconf 85' lang='lat' dir='ltr'>caedis</span> <span class='ocrx_word' id='word_1_325' title='bbox 965 2994 1062 3059; x_wconf 90' lang='lat' dir='ltr'>quam</span> <span class='ocrx_word' id='word_1_326' title='bbox 1077 2970 1242 3059; x_wconf 80' lang='lat' dir='ltr'>sacrilegii3</span> 
     </span>
     <span class='ocr_line' id='line_1_33' title="bbox 146 3056 1308 3149; baseline -0.001 -25"><span class='ocrx_word' id='word_1_327' title='bbox 146 3084 163 3124; x_wconf 88' lang='lat' dir='ltr'><strong>s</strong></span> <span class='ocrx_word' id='word_1_328' title='bbox 249 3074 433 3148; x_wconf 88' lang='lat' dir='ltr'>metumque</span> <span class='ocrx_word' id='word_1_329' title='bbox 445 3060 479 3124; x_wconf 90' lang='lat' dir='ltr'><strong><em>in</em></strong></span> <span class='ocrx_word' id='word_1_330' title='bbox 492 3060 646 3127; x_wconf 81' lang='lat' dir='ltr'>ambabus</span> <span class='ocrx_word' id='word_1_331' title='bbox 665 3084 794 3149; x_wconf 84' lang='lat' dir='ltr'>prorsus</span> <span class='ocrx_word' id='word_1_332' title='bbox 814 3083 921 3149; x_wconf 85' lang='lat' dir='ltr'>parem</span> <span class='ocrx_word' id='word_1_333' title='bbox 935 3059 1032 3124; x_wconf 82' lang='lat' dir='ltr'>fuisse</span> <span class='ocrx_word' id='word_1_334' title='bbox 1050 3056 1246 3147; x_wconf 85' lang='lat' dir='ltr'>propositum</span> <span class='ocrx_word' id='word_1_335' title='bbox 1304 3092 1308 3101; x_wconf 93' lang='lat'>·</span> 
     </span>
     <span class='ocr_line' id='line_1_34' title="bbox 57 3082 1247 3233; baseline -0.003 -22"><span class='ocrx_word' id='word_1_336' title='bbox 57 3150 66 3167; x_wconf 71' lang='lat'><strong>⁴</strong></span> <span class='ocrx_word' id='word_1_337' title='bbox 146 3082 285 3226; x_wconf 58' lang='lat' dir='ltr'><strong><em>ffllss,</em></strong></span> <span class='ocrx_word' id='word_1_338' title='bbox 299 3160 353 3233; x_wconf 84' lang='grc'><strong>25.</strong></span> <span class='ocrx_word' id='word_1_339' title='bbox 394 3150 434 3209; x_wconf 73' lang='lat' dir='ltr'><strong><em>nt</em></strong></span> <span class='ocrx_word' id='word_1_340' title='bbox 448 3146 536 3210; x_wconf 91' lang='grc' dir='ltr'><strong><em>πλείω</em></strong></span> <span class='ocrx_word' id='word_1_341' title='bbox 550 3151 606 3221; x_wconf 85' lang='grc' dir='ltr'><strong><em>τοῖς</em></strong></span> <span class='ocrx_word' id='word_1_342' title='bbox 620 3148 765 3232; x_wconf 65' lang='grc' dir='ltr'><strong><em>ἀνθρώποις</em></strong></span> <span class='ocrx_word' id='word_1_343' title='bbox 780 3155 830 3211; x_wconf 83' lang='grc' dir='ltr'><strong><em>ποεῖ</em></strong></span> <span class='ocrx_word' id='word_1_344' title='bbox 844 3147 907 3229; x_wconf 84' lang='grc' dir='ltr'><strong><em>βίον</em></strong></span> <span class='ocrx_word' id='word_1_345' title='bbox 922 3148 997 3210; x_wconf 79' lang='grc' dir='ltr'><strong><em>ἐστίν</em></strong></span> <span class='ocrx_word' id='word_1_346' title='bbox 1013 3149 1040 3209; x_wconf 94' lang='grc' dir='ltr'><strong><em>ἐν</em></strong></span> <span class='ocrx_word' id='word_1_347' title='bbox 1059 3149 1121 3220; x_wconf 86' lang='grc' dir='ltr'><strong><em>ταῖς</em></strong></span> <span class='ocrx_word' id='word_1_348' title='bbox 1136 3143 1247 3209; x_wconf 86' lang='grc' dir='ltr'><strong><em>ἐλπίσιν</em></strong></span> 
     </span>
     <span class='ocr_line' id='line_1_35' title="bbox 149 3226 1246 3321; baseline -0.001 -25"><span class='ocrx_word' id='word_1_349' title='bbox 149 3252 224 3315; x_wconf 86' lang='grc'><strong>141,</strong></span> <span class='ocrx_word' id='word_1_350' title='bbox 239 3248 291 3319; x_wconf 88' lang='lat'><strong><em>37.</em></strong></span> <span class='ocrx_word' id='word_1_351' title='bbox 328 3238 376 3309; x_wconf 76' lang='grc' dir='ltr'><strong><em>τῆς</em></strong></span> <span class='ocrx_word' id='word_1_352' title='bbox 398 3232 516 3312; x_wconf 86' lang='grc' dir='ltr'><strong><em>ἐλπίδος,</em></strong></span> <span class='ocrx_word' id='word_1_353' title='bbox 538 3233 601 3321; x_wconf 84' lang='grc' dir='ltr'><strong><em>ότερ</em></strong></span> <span class='ocrx_word' id='word_1_354' title='bbox 625 3234 776 3316; x_wconf 78' lang='lat' dir='ltr'>(subaudi</span> <span class='ocrx_word' id='word_1_355' title='bbox 797 3235 914 3318; x_wconf 81' lang='grc' dir='ltr'><strong><em>ἐγαθδν,</em></strong></span> <span class='ocrx_word' id='word_1_356' title='bbox 930 3232 988 3297; x_wconf 85' lang='lat' dir='ltr'>uisi</span> <span class='ocrx_word' id='word_1_357' title='bbox 1012 3232 1037 3297; x_wconf 84' lang='lat' dir='ltr'><strong><em>si</em></strong></span> <span class='ocrx_word' id='word_1_358' title='bbox 1059 3234 1126 3319; x_wconf 75' lang='grc' dir='ltr'><strong><em>ἤπερ</em></strong></span> <span class='ocrx_word' id='word_1_359' title='bbox 1148 3226 1246 3295; x_wconf 79' lang='lat' dir='ltr'>mavis</span> 
     </span>
     <span class='ocr_line' id='line_1_36' title="bbox 145 3317 1246 3406; baseline 0 -25"><span class='ocrx_word' id='word_1_360' title='bbox 145 3317 224 3406; x_wconf 82' lang='lat' dir='ltr'>legi)</span> <span class='ocrx_word' id='word_1_361' title='bbox 240 3318 388 3405; x_wconf 82' lang='grc' dir='ltr'><strong><em>ἐενθρόντοις</em></strong></span> <span class='ocrx_word' id='word_1_362' title='bbox 401 3318 537 3406; x_wconf 76' lang='grc' dir='ltr'><strong><em>μέγιστόν</em></strong></span> <span class='ocrx_word' id='word_1_363' title='bbox 551 3323 612 3383; x_wconf 88' lang='grc' dir='ltr'><strong><em>ἐστι</em></strong></span> <span class='ocrx_word' id='word_1_364' title='bbox 628 3326 679 3383; x_wconf 84' lang='grc' dir='ltr'><strong><em>τοῦ</em></strong></span> <span class='ocrx_word' id='word_1_365' title='bbox 697 3319 761 3401; x_wconf 83' lang='grc' dir='ltr'><strong><em>βίον</em></strong></span> <span class='ocrx_word' id='word_1_366' title='bbox 783 3320 889 3405; x_wconf 85' lang='grc' dir='ltr'><strong><em>όιγαθδν</em></strong></span> <span class='ocrx_word' id='word_1_367' title='bbox 911 3339 984 3400; x_wconf 87' lang='grc'><strong>141,</strong></span> <span class='ocrx_word' id='word_1_368' title='bbox 998 3319 1158 3405; x_wconf 68' lang='grc' dir='ltr'><strong><em>38.εμήθ”</em></strong></span> <span class='ocrx_word' id='word_1_369' title='bbox 1172 3321 1246 3401; x_wconf 76' lang='grc' dir='ltr'><strong><em>ὑμᾶς</em></strong></span> 
     </span>
     <span class='ocr_line' id='line_1_37' title="bbox 145 3403 1245 3491; baseline -0.002 -22"><span class='ocrx_word' id='word_1_370' title='bbox 145 3407 246 3481; x_wconf 79' lang='grc' dir='ltr'><strong><em>αὐτοὺς</em></strong></span> <span class='ocrx_word' id='word_1_371' title='bbox 265 3412 321 3469; x_wconf 79' lang='grc' dir='ltr'><strong><em>τῶν</em></strong></span> <span class='ocrx_word' id='word_1_372' title='bbox 341 3407 390 3468; x_wconf 78' lang='grc' dir='ltr'><strong><em>ἐπ’</em></strong></span> <span class='ocrx_word' id='word_1_373' title='bbox 406 3410 472 3489; x_wconf 84' lang='grc' dir='ltr'><strong><em>ἐμοῦ</em></strong></span> <span class='ocrx_word' id='word_1_374' title='bbox 494 3403 610 3470; x_wconf 78' lang='grc' dir='ltr'><strong><em>ἐλπίδων</em></strong></span> <span class='ocrx_word' id='word_1_375' title='bbox 630 3405 848 3490; x_wconf 83' lang='grc' dir='ltr'><strong><em>ἐιποστιρῆσητε,</em></strong></span> <span class='ocrx_word' id='word_1_376' title='bbox 866 3405 967 3483; x_wconf 87' lang='lat' dir='ltr'>bonis,</span> <span class='ocrx_word' id='word_1_377' title='bbox 983 3427 1056 3491; x_wconf 82' lang='lat' dir='ltr'><strong><em>quae</em></strong></span> <span class='ocrx_word' id='word_1_378' title='bbox 1076 3426 1133 3467; x_wconf 84' lang='lat' dir='ltr'><strong><em>vos</em></strong></span> <span class='ocrx_word' id='word_1_379' title='bbox 1154 3426 1174 3467; x_wconf 85' lang='lat' dir='ltr'>a</span> <span class='ocrx_word' id='word_1_380' title='bbox 1194 3422 1245 3467; x_wconf 85' lang='lat' dir='ltr'>me</span> 
     </span>
     <span class='ocr_line' id='line_1_38' title="bbox 146 3489 1244 3579; baseline -0.004 -24"><span class='ocrx_word' id='word_1_381' title='bbox 146 3514 272 3579; x_wconf 83' lang='lat' dir='ltr'>sperare</span> <span class='ocrx_word' id='word_1_382' title='bbox 284 3492 424 3579; x_wconf 81' lang='lat' dir='ltr'>potestis,</span> <span class='ocrx_word' id='word_1_383' title='bbox 439 3492 504 3575; x_wconf 76' lang='grc' dir='ltr'><strong><em>μήτ’</em></strong></span> <span class='ocrx_word' id='word_1_384' title='bbox 522 3492 571 3572; x_wconf 87' lang='grc' dir='ltr'><strong><em>ἐμέ</em></strong></span> <span class='ocrx_word' id='word_1_385' title='bbox 587 3500 642 3555; x_wconf 81' lang='grc' dir='ltr'><strong><em>τῶν</em></strong></span> <span class='ocrx_word' id='word_1_386' title='bbox 656 3496 693 3566; x_wconf 86' lang='grc' dir='ltr'><strong><em>εές</em></strong></span> <span class='ocrx_word' id='word_1_387' title='bbox 707 3497 792 3573; x_wconf 77' lang='grc' dir='ltr'><strong><em>ὑμᾶς,</em></strong></span> <span class='ocrx_word' id='word_1_388' title='bbox 808 3514 881 3577; x_wconf 84' lang='lat' dir='ltr'><strong><em>quoe</em></strong></span> <span class='ocrx_word' id='word_1_389' title='bbox 895 3512 955 3578; x_wconf 84' lang='lat' dir='ltr'>ego</span> <span class='ocrx_word' id='word_1_390' title='bbox 968 3513 988 3554; x_wconf 89' lang='lat' dir='ltr'>a</span> <span class='ocrx_word' id='word_1_391' title='bbox 1002 3489 1090 3555; x_wconf 80' lang='lat' dir='ltr'>vobis</span> <span class='ocrx_word' id='word_1_392' title='bbox 1105 3492 1173 3553; x_wconf 90' lang='lat' dir='ltr'><strong><em>An.</em></strong></span> <span class='ocrx_word' id='word_1_393' title='bbox 1192 3508 1244 3573; x_wconf 92' lang='lat'><strong><em>19,</em></strong></span> 
     </span>
     <span class='ocr_line' id='line_1_39' title="bbox 148 3574 1245 3663; baseline -0.005 -19"><span class='ocrx_word' id='word_1_394' title='bbox 148 3578 354 3653; x_wconf 66' lang='grc' dir='ltr'><strong><em>28.εέλτίδος</em></strong></span> <span class='ocrx_word' id='word_1_395' title='bbox 369 3585 455 3655; x_wconf 72' lang='grc' dir='ltr'><strong><em>κοινῆς</em></strong></span> <span class='ocrx_word' id='word_1_396' title='bbox 470 3578 647 3662; x_wconf 75' lang='grc' dir='ltr'><strong><em>ἁμαρτάνειν.</em></strong></span> <span class='ocrx_word' id='word_1_397' title='bbox 670 3577 851 3643; x_wconf 86' lang='lat' dir='ltr'>defraudari</span> <span class='ocrx_word' id='word_1_398' title='bbox 870 3575 1033 3663; x_wconf 82' lang='lat' dir='ltr'>sepultura</span> <span class='ocrx_word' id='word_1_399' title='bbox 1048 3597 1149 3659; x_wconf 85' lang='lat' dir='ltr'>eoque</span> <span class='ocrx_word' id='word_1_400' title='bbox 1163 3574 1245 3639; x_wconf 78' lang='lat' dir='ltr'>enoi-</span> 
     </span>
     <span class='ocr_line' id='line_1_40' title="bbox 146 3660 1245 3751; baseline -0.004 -23"><span class='ocrx_word' id='word_1_401' title='bbox 146 3662 222 3729; x_wconf 89' lang='lat' dir='ltr'>dere</span> <span class='ocrx_word' id='word_1_402' title='bbox 243 3686 299 3751; x_wconf 80' lang='lat' dir='ltr'>ape</span> <span class='ocrx_word' id='word_1_403' title='bbox 319 3664 477 3730; x_wconf 89' lang='lat' dir='ltr'>oommuni</span> <span class='ocrx_word' id='word_1_404' title='bbox 499 3663 645 3729; x_wconf 80' lang='lat' dir='ltr'>universo</span> <span class='ocrx_word' id='word_1_405' title='bbox 664 3664 771 3751; x_wconf 83' lang='lat' dir='ltr'>generi</span> <span class='ocrx_word' id='word_1_406' title='bbox 793 3664 941 3728; x_wconf 88' lang='lat' dir='ltr'>humano.</span> <span class='ocrx_word' id='word_1_407' title='bbox 963 3684 1056 3727; x_wconf 90' lang='lat' dir='ltr'>nemo</span> <span class='ocrx_word' id='word_1_408' title='bbox 1076 3660 1158 3727; x_wconf 87' lang='lat' dir='ltr'>enim</span> <span class='ocrx_word' id='word_1_409' title='bbox 1181 3682 1245 3725; x_wconf 91' lang='lat' dir='ltr'><strong><em>non</em></strong></span> 
     </span>
     <span class='ocr_line' id='line_1_41' title="bbox 203 3747 1246 3839; baseline -0.004 -23"><span class='ocrx_word' id='word_1_410' title='bbox 203 3774 272 3816; x_wconf 88' lang='lat' dir='ltr'>rare</span> <span class='ocrx_word' id='word_1_411' title='bbox 285 3764 390 3839; x_wconf 76' lang='lat' dir='ltr'>potest</span> <span class='ocrx_word' id='word_1_412' title='bbox 398 3752 467 3815; x_wconf 87' lang='lat' dir='ltr'>fore</span> <span class='ocrx_word' id='word_1_413' title='bbox 476 3750 624 3838; x_wconf 89' lang='lat' dir='ltr'>aliquem,</span> <span class='ocrx_word' id='word_1_414' title='bbox 636 3774 656 3815; x_wconf 97' lang='lat' dir='ltr'>a</span> <span class='ocrx_word' id='word_1_415' title='bbox 666 3774 731 3838; x_wconf 91' lang='lat' dir='ltr'><strong><em>quo</em></strong></span> <span class='ocrx_word' id='word_1_416' title='bbox 742 3750 917 3819; x_wconf 86' lang='lat' dir='ltr'>tumuletur</span> <span class='ocrx_word' id='word_1_417' title='bbox 930 3750 997 3815; x_wconf 78' lang='lat' dir='ltr'>fato</span> <span class='ocrx_word' id='word_1_418' title='bbox 1008 3772 1066 3813; x_wconf 83' lang='lat' dir='ltr'><strong><em>suo</em></strong></span> <span class='ocrx_word' id='word_1_419' title='bbox 1075 3747 1246 3814; x_wconf 78' lang='lat' dir='ltr'>defunctus</span> 
     </span>
     <span class='ocr_line' id='line_1_42' title="bbox 183 3834 1320 3925; baseline -0.003 -23"><span class='ocrx_word' id='word_1_420' title='bbox 183 3884 191 3902; x_wconf 88' lang='lat'><strong>.</strong></span> <span class='ocrx_word' id='word_1_421' title='bbox 210 3858 283 3922; x_wconf 92' lang='lat'>191,</span> <span class='ocrx_word' id='word_1_422' title='bbox 300 3857 353 3903; x_wconf 88' lang='grc'><strong><em>20.</em></strong></span> <span class='ocrx_word' id='word_1_423' title='bbox 384 3837 489 3911; x_wconf 82' lang='grc' dir='ltr'><strong><em>ἐλπίδες</em></strong></span> <span class='ocrx_word' id='word_1_424' title='bbox 503 3835 575 3915; x_wconf 81' lang='grc' dir='ltr'><strong><em>ἦσαν</em></strong></span> <span class='ocrx_word' id='word_1_425' title='bbox 588 3844 638 3901; x_wconf 83' lang='grc' dir='ltr'><strong><em>τοῦ</em></strong></span> <span class='ocrx_word' id='word_1_426' title='bbox 652 3844 734 3903; x_wconf 82' lang='grc' dir='ltr'><strong><em>πλοῦ.</em></strong></span> <span class='ocrx_word' id='word_1_427' title='bbox 761 3837 962 3925; x_wconf 69' lang='lat' dir='ltr'>querebatur</span> <span class='ocrx_word' id='word_1_428' title='bbox 976 3836 1036 3901; x_wconf 86' lang='lat' dir='ltr'><strong><em>hoc</em></strong></span> <span class='ocrx_word' id='word_1_429' title='bbox 1049 3834 1104 3901; x_wconf 90' lang='lat' dir='ltr'>illa</span> <span class='ocrx_word' id='word_1_430' title='bbox 1117 3834 1245 3923; x_wconf 85' lang='lat' dir='ltr'>naviga-</span> <span class='ocrx_word' id='word_1_431' title='bbox 1307 3836 1320 3859; x_wconf 76' lang='lat'>⁸</span> 
     </span>
     <span class='ocr_line' id='line_1_43' title="bbox 147 3920 1246 4033; baseline -0.003 -45"><span class='ocrx_word' id='word_1_432' title='bbox 147 3923 242 4002; x_wconf 86' lang='lat' dir='ltr'>tione,</span> <span class='ocrx_word' id='word_1_433' title='bbox 257 3946 329 3988; x_wconf 89' lang='lat' dir='ltr'><strong><em>cum</em></strong></span> <span class='ocrx_word' id='word_1_434' title='bbox 345 3946 400 4011; x_wconf 80' lang='lat' dir='ltr'>spe</span> <span class='ocrx_word' id='word_1_435' title='bbox 421 3923 561 4011; x_wconf 86' lang='lat' dir='ltr'>prosperi</span> <span class='ocrx_word' id='word_1_436' title='bbox 583 3946 742 3990; x_wconf 82' lang='lat' dir='ltr'>sucoeasus</span> <span class='ocrx_word' id='word_1_437' title='bbox 764 3924 852 3991; x_wconf 89' lang='lat' dir='ltr'>haud</span> <span class='ocrx_word' id='word_1_438' title='bbox 873 3923 1025 4005; x_wconf 82' lang='lat' dir='ltr'>defuturi,</span> <span class='ocrx_word' id='word_1_439' title='bbox 1040 3937 1077 3987; x_wconf 88' lang='lat' dir='ltr'><strong><em>ut</em></strong></span> <span class='ocrx_word' id='word_1_440' title='bbox 1091 3920 1246 4033; x_wconf 73' lang='lat' dir='ltr'>Dionysio</span> 
     </span>
     <span class='ocr_line' id='line_1_44' title="bbox 145 4008 1245 4099; baseline -0.004 -24"><span class='ocrx_word' id='word_1_441' title='bbox 145 4010 389 4097; x_wconf 77' lang='lat' dir='ltr'>persuaderetur</span> <span class='ocrx_word' id='word_1_442' title='bbox 405 4026 478 4097; x_wconf 92' lang='grc'><strong>153,</strong></span> <span class='ocrx_word' id='word_1_443' title='bbox 493 4029 548 4095; x_wconf 94' lang='grc'><strong><em>33.</em></strong></span> <span class='ocrx_word' id='word_1_444' title='bbox 591 4011 706 4095; x_wconf 78' lang='grc' dir='ltr'><strong><em>μεγάλη</em></strong></span> <span class='ocrx_word' id='word_1_445' title='bbox 724 4031 797 4096; x_wconf 91' lang='lat'>190,</span> <span class='ocrx_word' id='word_1_446' title='bbox 810 4031 863 4093; x_wconf 88' lang='lat'><strong><em>40.</em></strong></span> <span class='ocrx_word' id='word_1_447' title='bbox 908 4016 1010 4099; x_wconf 71' lang='grc' dir='ltr'><strong><em>μικρὰς</em></strong></span> <span class='ocrx_word' id='word_1_448' title='bbox 1024 4008 1164 4083; x_wconf 87' lang='grc' dir='ltr'><strong><em>ἐλπίδαςε</em></strong></span> <span class='ocrx_word' id='word_1_449' title='bbox 1201 4035 1245 4072; x_wconf 92' lang='grc' dir='ltr'><strong><em>ετε</em></strong></span> 
     </span>
     <span class='ocr_line' id='line_1_45' title="bbox 145 4094 1245 4182; baseline 0 -24"><span class='ocrx_word' id='word_1_450' title='bbox 145 4102 194 4173; x_wconf 77' lang='grc' dir='ltr'><strong><em>τῆς</em></strong></span> <span class='ocrx_word' id='word_1_451' title='bbox 209 4097 322 4160; x_wconf 79' lang='grc' dir='ltr'><strong><em>καθόδου</em></strong></span> <span class='ocrx_word' id='word_1_452' title='bbox 340 4112 413 4182; x_wconf 87' lang='grc'><strong>173,</strong></span> <span class='ocrx_word' id='word_1_453' title='bbox 431 4101 552 4182; x_wconf 88' lang='grc' dir='ltr'><strong><em>23..-.ἐν</em></strong></span> <span class='ocrx_word' id='word_1_454' title='bbox 566 4100 629 4178; x_wconf 84' lang='grc' dir='ltr'><strong><em>ὑμῖν</em></strong></span> <span class='ocrx_word' id='word_1_455' title='bbox 643 4100 736 4171; x_wconf 75' lang='grc' dir='ltr'><strong><em>αὐτοῖς</em></strong></span> <span class='ocrx_word' id='word_1_456' title='bbox 750 4099 799 4161; x_wconf 84' lang='grc' dir='ltr'><strong><em>καῖ</em></strong></span> <span class='ocrx_word' id='word_1_457' title='bbox 820 4102 874 4171; x_wconf 89' lang='grc' dir='ltr'><strong><em>τοῖς</em></strong></span> <span class='ocrx_word' id='word_1_458' title='bbox 888 4099 953 4171; x_wconf 88' lang='grc' dir='ltr'><strong><em>θεοῖς</em></strong></span> <span class='ocrx_word' id='word_1_459' title='bbox 966 4102 1019 4171; x_wconf 82' lang='grc' dir='ltr'><strong><em>τοῖς</em></strong></span> <span class='ocrx_word' id='word_1_460' title='bbox 1034 4094 1148 4170; x_wconf 89' lang='grc' dir='ltr'><strong><em>ἐλπίδας</em></strong></span> <span class='ocrx_word' id='word_1_461' title='bbox 1201 4120 1245 4158; x_wconf 86' lang='grc' dir='ltr'><strong><em>ετε</em></strong></span> 
     </span>
     <span class='ocr_line' id='line_1_46' title="bbox 146 4179 1245 4269; baseline -0.003 -22"><span class='ocrx_word' id='word_1_462' title='bbox 146 4182 190 4247; x_wconf 91' lang='grc' dir='ltr'><strong><em>Ι).</em></strong></span> <span class='ocrx_word' id='word_1_463' title='bbox 206 4202 262 4269; x_wconf 86' lang='grc'><strong><em>93,</em></strong></span> <span class='ocrx_word' id='word_1_464' title='bbox 273 4202 328 4268; x_wconf 88' lang='grc'><strong>31.</strong></span> <span class='ocrx_word' id='word_1_465' title='bbox 364 4188 415 4257; x_wconf 85' lang='grc' dir='ltr'><strong><em>τοὶς</em></strong></span> <span class='ocrx_word' id='word_1_466' title='bbox 427 4182 540 4256; x_wconf 86' lang='grc' dir='ltr'><strong><em>ἐλπίδας</em></strong></span> <span class='ocrx_word' id='word_1_467' title='bbox 554 4186 581 4245; x_wconf 94' lang='grc' dir='ltr'><strong><em>ἐν</em></strong></span> <span class='ocrx_word' id='word_1_468' title='bbox 593 4187 648 4257; x_wconf 89' lang='grc' dir='ltr'><strong><em>τοῖς</em></strong></span> <span class='ocrx_word' id='word_1_469' title='bbox 664 4183 716 4261; x_wconf 75' lang='grc' dir='ltr'><strong><em>ἐξω</em></strong></span> <span class='ocrx_word' id='word_1_470' title='bbox 730 4183 811 4269; x_wconf 75' lang='grc' dir='ltr'><strong><em>ἔχετε</em></strong></span> <span class='ocrx_word' id='word_1_471' title='bbox 830 4202 902 4268; x_wconf 88' lang='grc'><strong>103,</strong></span> <span class='ocrx_word' id='word_1_472' title='bbox 921 4184 972 4247; x_wconf 93' lang='grc'><strong>18.</strong></span> <span class='ocrx_word' id='word_1_473' title='bbox 1010 4179 1123 4256; x_wconf 90' lang='grc' dir='ltr'><strong><em>ἐλπίδας</em></strong></span> <span class='ocrx_word' id='word_1_474' title='bbox 1137 4183 1245 4267; x_wconf 87' lang='grc' dir='ltr'><strong><em>μοχθη-</em></strong></span> 
     </span>
     <span class='ocr_line' id='line_1_47' title="bbox 145 4274 453 4355; baseline 0 -24"><span class='ocrx_word' id='word_1_475' title='bbox 145 4274 197 4355; x_wconf 82' lang='grc' dir='ltr'><strong><em>ροές</em></strong></span> <span class='ocrx_word' id='word_1_476' title='bbox 210 4274 294 4333; x_wconf 82' lang='grc' dir='ltr'><strong><em>ποιεῖν</em></strong></span> <span class='ocrx_word' id='word_1_477' title='bbox 312 4288 384 4355; x_wconf 90' lang='grc'><strong>103,</strong></span> <span class='ocrx_word' id='word_1_478' title='bbox 399 4287 453 4349; x_wconf 91' lang='grc'><strong><em>44.</em></strong></span> 
     </span>
     <span class='ocr_line' id='line_1_48' title="bbox 190 4354 1244 4465; baseline -0.002 -48"><span class='ocrx_word' id='word_1_479' title='bbox 190 4354 343 4442; x_wconf 82' lang='grc' dir='ltr'><strong><em>ἐμβαίνειν]</em></strong></span> <span class='ocrx_word' id='word_1_480' title='bbox 368 4354 435 4419; x_wconf 79' lang='lat' dir='ltr'>scil.</span> <span class='ocrx_word' id='word_1_481' title='bbox 449 4360 486 4430; x_wconf 88' lang='grc' dir='ltr'><strong><em>εές</em></strong></span> <span class='ocrx_word' id='word_1_482' title='bbox 499 4357 552 4430; x_wconf 80' lang='grc' dir='ltr'><strong><em>τοῖς</em></strong></span> <span class='ocrx_word' id='word_1_483' title='bbox 564 4361 637 4428; x_wconf 84' lang='grc' dir='ltr'><strong><em>ναιῖς.</em></strong></span> <span class='ocrx_word' id='word_1_484' title='bbox 661 4363 692 4419; x_wconf 77' lang='lat' dir='ltr'><strong><em>to</em></strong></span> <span class='ocrx_word' id='word_1_485' title='bbox 701 4375 749 4465; x_wconf 60' lang='lat' dir='ltr'><strong><em>go</em></strong></span> <span class='ocrx_word' id='word_1_486' title='bbox 762 4376 804 4419; x_wconf 80' lang='lat' dir='ltr'><strong><em>on</em></strong></span> <span class='ocrx_word' id='word_1_487' title='bbox 817 4354 916 4418; x_wconf 72' lang='grc' dir='ltr'><strong>6011σᾶ</strong></span> <span class='ocrx_word' id='word_1_488' title='bbox 932 4372 984 4437; x_wconf 88' lang='grc'><strong><em>29,</em></strong></span> <span class='ocrx_word' id='word_1_489' title='bbox 1001 4355 1051 4419; x_wconf 85' lang='grc'><strong>26.</strong></span> <span class='ocrx_word' id='word_1_490' title='bbox 1093 4356 1143 4417; x_wconf 77' lang='grc' dir='ltr'><strong><em>οὖν</em></strong></span> <span class='ocrx_word' id='word_1_491' title='bbox 1157 4356 1244 4435; x_wconf 90' lang='grc' dir='ltr'><strong><em>ἐμβη-</em></strong></span> 
     </span>
     <span class='ocr_line' id='line_1_49' title="bbox 146 4440 1244 4525; baseline -0.003 -20"><span class='ocrx_word' id='word_1_492' title='bbox 146 4442 271 4523; x_wconf 72' lang='grc' dir='ltr'><strong><em>σόμεθας</em></strong></span> <span class='ocrx_word' id='word_1_493' title='bbox 293 4446 343 4507; x_wconf 80' lang='grc' dir='ltr'><strong><em>οὐκ</em></strong></span> <span class='ocrx_word' id='word_1_494' title='bbox 359 4440 466 4525; x_wconf 74' lang='grc' dir='ltr'><strong><em>ἐξιμενς</em></strong></span> <span class='ocrx_word' id='word_1_495' title='bbox 491 4446 539 4505; x_wconf 80' lang='grc' dir='ltr'><strong><em>οὐκ</em></strong></span> <span class='ocrx_word' id='word_1_496' title='bbox 554 4445 589 4516; x_wconf 86' lang='grc' dir='ltr'><strong><em>είς</em></strong></span> <span class='ocrx_word' id='word_1_497' title='bbox 603 4446 650 4519; x_wconf 79' lang='grc' dir='ltr'><strong><em>την</em></strong></span> <span class='ocrx_word' id='word_1_498' title='bbox 665 4444 765 4506; x_wconf 84' lang='grc' dir='ltr'><strong><em>ἐκεινου</em></strong></span> <span class='ocrx_word' id='word_1_499' title='bbox 781 4440 990 4524; x_wconf 86' lang='grc' dir='ltr'><strong><em>πλεοσοόμεθα;</em></strong></span> <span class='ocrx_word' id='word_1_500' title='bbox 1014 4440 1089 4505; x_wconf 81' lang='lat' dir='ltr'>citat</span> <span class='ocrx_word' id='word_1_501' title='bbox 1108 4442 1244 4504; x_wconf 79' lang='lat' dir='ltr'>Hermo·</span> 
     </span>
    </p>
   </div>
   <div class='ocr_carea' id='block_1_4' title="bbox 666 4546 724 4607">
    <p class='ocr_par' dir='ltr' id='par_1_4' title="bbox 666 4546 724 4607">
     <span class='ocr_line' id='line_1_50' title="bbox 666 4546 724 4607; baseline 0 0"><span class='ocrx_word' id='word_1_502' title='bbox 666 4546 724 4607; x_wconf 88' lang='lat' dir='ltr'><strong><em>x4</em></strong></span> 
     </span>
    </p>
   </div>
   <div class='ocr_carea' id='block_1_5' title="bbox 0 0 1510 4992">
    <p class='ocr_par' dir='ltr' id='par_1_5' title="bbox 0 0 1510 4992">
     <span class='ocr_line' id='line_1_51' title="bbox 0 0 1510 4992; baseline 0 0"><span class='ocrx_word' id='word_1_503' title='bbox 0 0 1510 4992; x_wconf 95' lang='lat' dir='ltr'><strong><em> </em></strong></span> 
     </span>
    </p>
   </div>
  </div>
 </body>
</html>
