3009 4992
257 228 279 288 4
733 212 887 276 runnx
940 179 947 189 ’

256 387 350 459 αητῶς
363 383 406 466 ὑφ’
423 386 498 464 ὑμῶν
512 382 647 448 σωθθντα.
692 383 758 464 vix,
770 407 866 472 aegre,
879 397 916 450 ut
930 405 1033 450 causoe
1045 380 1182 448 multum
1195 379 1226 468 ei
1238 381 1290 461 sit,
1302 401 1365 446 cur

258 467 317 534 sibi
332 467 570 557 congratuletur
589 482 659 550 107,
678 473 730 536 16.

271 557 275 564 ’
300 554 429 639 ἄγασθαι
446 554 650 622 delectatione
668 573 700 622 et
721 555 927 622 admiratione
943 554 1078 642 alicujus
1099 554 1158 636 rei,
1174 551 1364 644 splendidae,

257 659 289 708 et
304 641 463 752 praeclarae
481 642 567 708 duci.
610 643 651 716 τίς
674 649 732 731 γάρ
755 648 803 708 οθιι
825 642 860 707 υἰν
882 641 991 717 εἰκάτως
1013 641 1161 727 ἀγάσαιτο
1183 650 1237 706 τῶν
1258 643 1365 727 ἀνδρῶν
1403 691 1408 696 .

258 733 366 792 ἑκεινων
384 734 432 806 τῆς
452 734 549 815 ἀρετῆς
568 730 642 817 296,
657 751 687 812 4.
715 746 878 818 1395,10.
922 733 954 809 ἐξ
974 726 1009 793 ὦν
1033 730 1082 792 καὶ
1103 728 1238 813 μάλιστα
1259 727 1365 810 νομίζω

258 815 365 890 πάντας
380 817 559 900 ἀγασθέντας
572 842 608 897 με
624 823 740 898 τιμῆσαι
757 817 876 900 δημοσία
894 832 988 898 1472,
1005 830 1036 890 7.

270 981 275 992 ·
303 905 421 987 ἀγγεῖον
449 925 532 981 arca,
556 902 634 967 cista
656 902 772 992 lignea.
825 882 901 990 ἰρίων
918 906 1037 989 ἀγγεῖον
1057 899 1086 965 ἓν
1107 899 1123 979 ἢ
1146 898 1190 964 δάο
1214 919 1291 988 934,
1306 914 1363 986 25.

266 992 412 1074 ,τάγγεῖον
428 988 559 1053 ἀπάλοιτο
574 989 615 1054 L.
635 1006 708 1076 154,
723 991 778 1076 38.
1079 1027 1081 1032 ·

303 1074 477 1164 ἀγγέλλειν]
494 1075 596 1162 ἓσπίρω
611 1081 670 1162 γὰρ
685 1075 726 1156 ἦν,
741 1075 789 1154 ἧκε
806 1077 827 1137 δ
842 1071 998 1160 ἀγγίλλων
1014 1073 1088 1155 284,
1106 1090 1157 1138 21.

303 1159 443 1248 άγγελος]
463 1165 617 1244 ἀφικνεῖται
632 1160 697 1251 πρὸς
711 1168 785 1246 ὑμᾶς
800 1161 890 1225 otilo
906 1163 938 1224 δι’
954 1159 1100 1247 ἀγγέλων,
1116 1161 1185 1222 ἀλλ’
1201 1158 1284 1233 αθτδς
1304 1157 1362 1222 AE.

261 1251 280 1314 6
334 1268 384 1314 la.

283 1262 393 1420 7llyna
438 1356 542 1422 agere,
565 1333 691 1414 ducere,
713 1333 865 1422 bajulare,
889 1346 1067 1420 apportare,
1091 1355 1226 1410 movere,
1248 1329 1291 1396 im
1332 1329 1364 1396 l·

259 1421 336 1501 lere,
353 1419 487 1498 trahere,
505 1419 694 1508 gubernare,
715 1434 831 1499 tenere,
851 1419 997 1500 educare,
1017 1418 1153 1498 erudire,
1174 1417 1281 1506 aequiu
1309 1440 1364 1484 ere

261 1521 347 1574 certo
361 1505 492 1572 modulo
505 1505 664 1594 ponderis,
679 1520 736 1572 aut
750 1505 864 1572 valoris
878 1504 1008 1593 publici,
1023 1517 1081 1570 etc
1126 1504 1232 1592 ἄδειαν]
1251 1511 1300 1568 τοῦ
1320 1508 1363 1587 μῆ

259 1595 384 1680 πάσχειν
397 1595 475 1664 ωιίτοί
490 1598 585 1659 πάσαν
599 1591 693 1658 άδειαν
707 1593 799 1678 ἤγετε.
841 1591 941 1657 securi
955 1591 1049 1656 eratis
1086 1591 1208 1676 87,17.
1251 1589 1360 1678 αἰτίαν]

260 1684 318 1755 τοῖς
338 1683 378 1744 ἐπ’
395 1682 493 1744 ἐκεῖνον
506 1677 610 1765 ἀγουσι
627 1683 674 1757 τὴν
687 1680 781 1746 αἰτίαν
796 1686 844 1743 τοῦ
858 1679 937 1762 φόνου
950 1681 1027 1764 548,
1045 1611 1095 1743 18.
1138 1677 1220 1743 conf.
1237 1677 1363 1769 ἰπάγειν.

262 1765 377 1852 εἰρήνην]
392 1767 507 1842 πεισθείς
522 1769 621 1850 εἰρήνην
641 1765 722 1852 ἀγειν
735 1767 814 1852 388,
831 1786 881 1830 11.
926 1767 1034 1829 δίδοιιια
1052 1768 1091 1847 μὴ
1111 1764 1238 1846 λάθωμεν
1255 1767 1303 1842 τὴν
1321 1767 1363 1828 εἰ·

261 1853 400 1937 ρήνηνιίπί
423 1857 521 1938 πολλῷ
535 1849 651 1937 άγοντνς
664 1871 741 1940 372,
758 1873 788 1917 2.
832 1851 972 1940 ἡσυχίαν]
987 1850 1080 1915 άδιιιυν
1094 1852 1143 1914 καί
1159 1847 1276 1915 θιτουλον
1290 1857 1361 1930 ἡσυ-

262 1939 334 2024 χίαν
347 1931 429 2020 άγειν
439 1952 516 2022 327,
529 1938 586 2018 ult.
632 1939 742 2026 θεωρίαν
757 1937 838 2024 ἀγειν
851 1938 997 2026 princeps
1011 1961 1105 2002 sacroe
1120 1935 1283 2025 legationis
1296 1959 1364 2002 ease
1390 1938 1393 1945 ’

262 2039 339 2110 552,
355 2025 386 2088 6.
431 2023 537 2112 θίασον]
557 2029 583 2088 ἰν
598 2025 626 2088 δὲ
640 2029 701 2099 ταῖς
717 2023 829 2112 ἦμίραις
843 2026 906 2098 τοθς
921 2025 1023 2100 ιιαλοδς
1038 2025 1147 2098 θιάσους
1157 2022 1237 2107 ἀγων
1252 2025 1297 2086 διὰ
1307 2030 1363 2088 τῶν

262 2115 328 2176 ὁδῶν
349 2130 427 2197 313,
445 2129 499 2197 23.
541 2110 674 2196 πόλεμον]
701 2111 787 2176 κοινδν
808 2113 848 2195 ἐφ’
863 2115 936 2192 {ipsis
958 2110 1077 2194 πόλεμον
1098 2111 1236 2195 ἀγάγωσι
1259 2109 1312 2187 62,
1327 2129 1363 2196 3.

263 2197 439 2282 πράγματα]
457 2203 482 2261 οἰ
501 2199 553 2279 μδν
575 2198 614 2280 ἀφ’
631 2204 702 2280 ἡμᾶς
718 2195 784 2282 ἦγον
806 2202 844 2261 rol
866 2196 1037 2305 πράγματα,
1056 2201 1081 2260 οἰ
1103 2197 1124 2260 δ’
1145 2197 1188 2260 ἐπὶ
1209 2195 1363 2263 Φίλιππον.

264 2283 430 2348 trahebant
447 2303 520 2368 125,
535 2301 585 2348 20.
631 2285 755 2370 σχολὴν]
774 2290 849 2366 ἡμῶν
863 2309 931 2348 οικοι
945 2283 1090 2366 μενόντων,
1104 2286 1215 2367 σχολὴν
1236 2280 1363 2368 ἀγόντων

264 2371 317 2455 98,
333 2392 407 2458 pen.
452 2370 613 2458 φάλαγγα]
631 2372 697 2456 οθχ1
722 2376 763 2456 τῷ
789 2371 948 2456 φάλαγγας
974 2375 1094 2433 θπλιτάν
1108 2367 1189 2454 ἀγειν
1212 2387 1293 2455 123,
1310 2371 1362 2434 26.

190 2523 194 2531 ’
263 2455 846 2607 ’.(888ἰῖ1ὸάδάἷωίἓίάἀῖλίς
868 2454 1367 2628 .3prr...;s‚upvpgrre.pgp..2.3.r

261 2569 477 2718 χρνξδηημάτιχ
494 2569 558 2692 υάδν
570 2634 624 2692 τῶν
636 2564 738 2706 Νἰὴδυιν
750 2589 786 2704 εἰς
801 2565 1009 2706 Ῐίἰίἀῒπθννηῗον
1024 2629 1118 2714 ἤγαγε
1133 2647 1205 2708 122,
1214 2645 1245 2694 2.
1271 2589 1363 2692 ,cum

264 2719 310 2790 εἰς.
356 2655 516 2799 εὐεργεσίας
531 2719 568 2790 εἰς
590 2713 766 2801 ἀχαριστίαν
790 2717 837 2778 καί
860 2716 1090 2802 προπηλακισμδν
1112 2712 1193 2800 ἀγειν
1214 2732 1363 2801 330,14.

265 2806 302 2877 εἰς
315 2799 441 2866 δουλείαν
456 2820 531 2886 213,
549 2819 598 2884 27.
644 2805 680 2875 εἰς
696 2799 770 2868 ἔλεον
786 2802 834 2864 nal
849 2801 1051 2886 φιλανθρωπίαν
1064 2797 1145 2885 ἀγειν
1158 2801 1220 2875 τοδς
1241 2801 1364 2881 δικάζον-

265 2915 317 2963 τας
333 2905 407 2974 793,
421 2906 454 2969 4.
499 2891 535 2961 εἰς
557 2887 642 2971 με’σον
664 2885 756 2971 άγεις,
768 2885 913 2974 ἰλίγχεις,
929 2886 1053 2962 δεικνύεις
1075 2906 1151 2973 959,
1168 2905 1198 2952 2.
1242 2889 1279 2962 εἰς
1299 2885 1365 2970 θμά-

266 3000 339 3038 νοιαν
353 2980 402 3052 τὴν
413 2975 493 3038 πάλιν
507 2971 624 3056 ἀγονπις
639 2976 714 3057 617,
731 2989 786 3057 27.
830 2977 866 3048 εἰς
881 2975 943 3046 τοὺς
964 2972 1140 3054 συκοφάντας
1162 2973 1236 3052 264,
1252 2973 1282 3038 6.
1326 2977 1363 3047 εἰς

266 3061 328 3136 τοὺς
339 3060 490 3147 φράτορας,
502 3063 538 3136 εἰς
549 3059 725 3134 Ἀπάλλυινος
737 3067 786 3124 τοῦ
798 3057 927 3144 πατρῴου
938 3056 1017 3144 ἦγον,
1034 3063 1070 3133 εἰς
1084 3055 1184 3122 τάλλα
1196 3063 1254 3144 11ροί
1271 3073 1363 3146 1315,

273 3161 321 3232 15.
363 3167 436 3210 cum
459 3143 511 3208 ἐπί.
557 3147 644 3224 ἔπειδὴ
666 3151 747 3211 τοῦτο
770 3146 801 3208 τδ
823 3149 957 3229 πρᾶγμα,
970 3143 1087 3209 crimen
1108 3142 1214 3224 oaedis,
1229 3151 1364 3232 πανταχῇ

266 3232 401 3316 στρέφων,
411 3234 465 3318 οθχ
478 3231 529 3306 οἰός
540 3232 566 3294 τ’
582 3229 611 3310 ἦν
625 3235 749 3317 ἀγαγεῖν
765 3234 806 3296 ἐπ’
818 3233 867 3312 ἐμὲ
882 3229 914 3294 iu
929 3253 980 3296 me
993 3231 1145 3311 conferre,
1156 3245 1365 3320 contorquere

265 3332 342 3404 552,
377 3338 424 3398 14.
470 3317 578 3404 ἤγαγεν
608 3319 648 3398 ἐφ’
677 3319 760 3383 αθτδν
787 3318 969 3401 τάδικήματα
996 3336 1072 3402 704,
1103 3337 1153 3384 21.
1198 3340 1270 3382 cum
1301 3317 1363 3382 ἀτθ.

265 3401 353 3489 ἀγετε
376 3405 474 3478 αὐτοὺς
497 3407 546 3468 ὑπδ
568 3407 629 3479 τοὺς
652 3405 755 3486 νόμους.
778 3419 921 3470 revocate
935 3429 989 3470 eos
1006 3405 1046 3470 ad
1064 3405 1160 3492 leges.
1204 3401 1364 3492 00311010-

266 3513 343 3579 gum
359 3489 462 3556 edicto
476 3513 585 3578 parere
599 3507 630 3556 et
644 3490 796 3559 obnoxios
805 3495 876 3557 'esse
893 3511 966 3574 741,
987 3492 1036 3556 18.
1080 3492 1189 3578 ἤγαγον
1203 3491 1302 3564 αὐτοὺς
1312 3491 1363 3555 θπδ

267 3583 315 3656 τὴν
338 3576 472 3662 ὑμετέραν
493 3579 593 3660 tatu.
615 3577 748 3660 adduxi,
764 3577 902 3667 pertraxi
927 3575 974 3642 ad
991 3577 1094 3643 forum
1109 3591 1261 3657 vestrum,
1275 3575 1365 3641 vobis

266 3663 307 3727 de
321 3662 531 3753 iisjudicandi
547 3687 717 3752 poenaaque
732 3664 877 3730 sumendi
891 3663 1071 3730 facultatem
1095 3663 1169 3730 dedi
1192 3685 1204 3728 1
1234 3665 1286 3743 88,
1313 3682 1364 3762 13.

268 3749 354 3836 φέρειν
369 3753 417 3814 καὶ
432 3748 514 3834 αἰγιιν
530 3749 717 3838 depraedari,
732 3749 927 3840 depopulari,
942 3751 1089 3829 aufferre,
1103 3775 1177 3839 quae
1199 3685 1285 3828 18111,
1300 3749 1366 3814 abr-

308 3859 353 3916 re,
367 3859 441 3924 quoe
463 3835 547 3923 abigi
569 3850 709 3924 possunt.
753 3841 815 3903 ἀντὶ
838 3845 886 3903 τοῦ
908 3838 970 3914 τοὺς
991 3843 1099 3913 λστάς
1113 3844 1185 3921 θμάς
1207 3837 1294 3924 φίρειν
1315 3837 1365 3901 καί

267 3949 349 4008 αγειν
363 3927 394 3987 tx
409 3928 456 3998 τῆς
473 3923 596 4000 Εὐβοίας
611 3943 687 4009 304,
701 3944 749 4006 14.
794 3924 962 4005 adducere,
1020 3948 1101 4002 erre,
1112 3938 1150 3989 ut
1164 3946 1282 3989 merces
1292 3923 1365 3987 navi

268 4009 458 4097 plaustrove.
503 4011 627 4095 ἀχθέντα
655 4009 730 4093 (scil.
757 4013 821 4099 τρδς
843 4013 940 4096 αθτδν)
962 4013 1027 4075 κατ’
1043 4011 1175 4097 ἐμπορίαν
1201 4007 1364 4098 1199,18.

268 4095 424 4160 medicum
452 4097 545 4173 1260,
562 4099 591 4161 6.
636 4096 779 4162 ancillam
802 4121 841 4163 cx
862 4096 995 4184 alicujus
1015 4097 1138 4164 aedibua
1159 4111 1191 4163 et
1212 4109 1366 4184 potestate

267 4206 325 4271 per
339 4183 401 4247 vim
422 4181 578 4247 abducere
601 4185 762 4270 1358,18.
806 4185 862 4263 ire,
878 4183 1049 4265 ambulare,
1065 4183 1189 4248 vadere.
1233 4180 1299 4269 ἦγεν
1321 4183 1364 4247 1πί

267 4275 319 4344 τάς
333 4277 388 4333 τῶν
402 4278 522 4334 πολιτῶν
537 4269 624 4345 οἰκίας
640 4271 715 4350 608,
736 4291 784 4352 14
828 4271 1016 4360 gubernare.
1052 4270 1168 4357 ἀγοντες
1183 4271 1231 4348 τὴν
1244 4269 1323 4334 πάλιν
1338 4271 1365 4334 ἐν

181 4431 185 4444 .
268 4355 378 4442 ὁμονοίᾳ
394 4357 469 4440 617,
485 4371 536 4438 27.
580 4357 641 4440 μηδ’
657 4359 699 4440 ὑφ’
714 4359 769 4433 ἑνὸς
783 4367 837 4422 τῶν
851 4364 901 4420 σοῦ
918 4357 1084 4444 φρονοάντων
1098 4359 1198 4468 χεῖρον
1216 4355 1289 4442 θίγου
1311 4378 1367 4444 pa·

269 4455 335 4508 tere
354 4457 385 4508 te
406 4442 468 4531 agi,
484 4441 571 4524 duci,
588 4442 769 4532 gubernari,
783 4445 851 4526 μηδὲ
865 4449 949 4524 ἡττά,
965 4445 1033 4508 ἀλλ’
1048 4448 1163 4520 ἐκεινους
1183 4441 1240 4529 άγε
1262 4443 1306 4506 tet
1327 4445 1365 4505 τά
