3009 4992
531 242 858 314 ουισοιτιιυιε.
1175 266 1237 336 293

137 417 189 480 τοῦ
209 412 427 501 παρεληλυθότος
446 416 548 501 χρόνου
571 436 623 503 13,
648 437 697 502 19.
740 416 893 497 δξελιιόνειι
917 419 949 481 h
971 422 1021 481 τεῦ
1044 420 1238 504 βυυλεῦτηρίου

139 503 241 578 16,1.
277 499 381 584 κρίσεις
394 504 434 581 μη
450 504 483 579 ίξ
503 503 635 582 ἀπεψίας,
653 503 722 585 μηδῦ
741 506 774 567 ίκ
795 504 937 583 διαβολῆς,
960 506 1029 567 ἀλλ’
1051 506 1083 567 θκ
1105 512 1153 570 τοῦ
1174 505 1238 585 βίου

136 588 273 652 ποιεῖσθαι
287 606 341 665 21,
356 606 410 672 33.
446 588 589 673 έκφεύγειν
610 592 643 653 ίκ
662 594 711 653 τοῦ
729 586 907 675 δικαστηρίου
929 605 984 674 25,
1000 607 1052 673 29.
1096 593 1128 653 έιι
1143 593 1237 667 παιδός

135 676 175 747 είς
203 679 292 759 γῆρας
320 672 436 756 σιἐφρων
463 689 516 757 25,
539 691 594 760 37.
639 674 775 739 ἐπανιέναι
805 674 897 738 οἶκαδε
922 678 954 739 ἐκ
982 682 1030 738 τοῦ
1060 676 1237 764 δικαστηρίου

136 760 193 840 26,
209 762 262 824 26.
299 758 443 842 ίερωσύιην
467 762 569 834 οὐδενός
590 761 654 824 θεῶν
674 759 863 844 οιληριόσεται,
881 764 917 834 οῦς
939 764 987 825 οὐκ
1009 758 1045 823 εδν
1067 765 1098 824 ἐκ
1119 770 1173 825 τῶν
1196 763 1237 826 υό-

134 845 341 954 ρωνΙοιαθαρδς
362 844 504 955 τδκσάμρι
529 847 660 957 26036.
703 845 843 911 ίκπίπτειν
867 850 899 910 ἐκ
924 853 973 909 τοῦ
996 846 1083 955 λόγου
1104 866 1160 931 32,
1180 868 1235 929 42.

135 932 1235 1105 Ῐῦῦί“ίίῖ.ῦλῦῦι”ῦιῖίίόόμῦάῗοῦ.ἷό88ῗάῦῖ8888,ίά

135 1106 333 1187 σκευαγωγεῖν
350 1106 383 1165 όοι
395 1110 449 1165 τῶν
463 1105 559 1188 ἀγρῶν
572 1104 628 1182 46,
645 1102 699 1169 28.
743 1102 902 1184 αὐτόματον
924 1107 956 1165 ἐκ
977 1105 1110 1185 μηδεμιᾶς
1130 1106 1236 1188 τροφά-

135 1212 208 1263 σεας
220 1206 275 1271 47,
292 1206 343 1254 22.
371 1186 501 1270 προδότης
515 1190 547 1252 ίκ
561 1187 666 1266 φύσεως
680 1206 736 1273 5ο,
752 1206 805 1253 20.
834 1186 1069 1253 ἀπαλλάττεσθαι
1085 1194 1117 1253 in
1131 1190 1235 1255 παίδων

135 1292 192 1359 50,
207 1293 262 1359 32.
300 1273 383 1351 έξοδοι
397 1276 430 1336 ἐκ
444 1276 573 1361 διαδοχῆς
587 1288 642 1357 50,
656 1288 709 1359 37.
746 1274 937 1337 πολιτεύεσθαι
956 1273 1077 1355 πόλεμον
1098 1278 1130 1339 όκ
1152 1276 1236 1341 πολί-
1285 1330 1289 1333 .

134 1384 191 1441 μου
203 1375 259 1445 51,
273 1357 333 1424 ult.
370 1356 468 1442 ἄτιμος
483 1364 515 1423 ἔκ
529 1357 720 1436 συκοφαντίας
733 1372 791 1443 52,
806 1378 836 1445 3.
872 1361 980 1446 ῥίςτορες
994 1359 1046 1423 alii
1060 1363 1091 1423 θκ
1106 1369 1154 1425 τοῦ
1169 1364 1235 1441 βου-

135 1446 289 1530 λευτηρίου,
305 1443 358 1509 alii
371 1447 404 1508 όκ
416 1450 466 1509 τοῦ
480 1445 564 1522 δίηιου
578 1460 634 1531 55,
649 1464 678 1528 9.
714 1446 914 1529 διαφυγγάνειν
928 1450 960 1509 ἐκ
979 1454 1033 1509 τῶν
1053 1447 1234 1533 δικαστηρίων

134 1544 191 1679 55,
208 1552 260 1617 13.
298 1532 463 1614 ἐξαιρεῖσθαι
476 1538 532 1595 τῶν
542 1533 680 1595 δικαστῶν
693 1535 745 1605 τοὶς
759 1532 865 1613 ύιῆφους
879 1535 911 1596 ἐκ
925 1538 979 1595 τῶν
991 1540 1095 1617 χειρῶν
1107 1547 1163 1617 57,
1183 1552 1232 1597 10.

182 1621 358 1703 παρασκευῆς
372 1616 519 1702 πριάμενος
531 1617 563 1679 τδ
577 1616 716 1695 βουλεύειν
730 1618 784 1695 62,
799 1636 853 1703 32.
882 1620 1032 1698 βουλευτὴς
1045 1614 1082 1680 ιδν
1097 1621 1128 1681 ίκ
1142 1644 1235 1705 παρα-

134 1708 236 1780 σκευῆς
250 1704 304 1782 64,
322 1722 372 1788 13.
402 1705 596 1787 σκευαγωγεῖν
608 1706 641 1766 ίκ
654 1708 710 1765 τάν
721 1706 817 1785 ἀγρῶν
832 1703 954 1783 φοβηθείς
968 1704 1023 1788 65,
1037 1725 1069 1787 9.
1096 1708 1127 1767 ἐκ
1142 1730 1233 1787 παρα·

133 1786 240 1865 τάξεως
252 1788 338 1874 μάχη
352 1788 540 1874 οιρωτίησσιντες
554 1790 609 1866 66,
627 1805 678 1873 15.
707 1788 818 1872 ίξάγειν
832 1792 864 1853 έκ
876 1796 925 1852 τοῦ
940 1794 1009 1873 ίεροῦ
1022 1790 1057 1863 οός
1077 1792 1162 1873 έναγῆ
1178 1805 1232 1873 70,

136 1891 189 1953 14.
231 1880 405 1956 μεταστῆναι
418 1876 450 1937 θκ
463 1880 514 1938 τοῦ
528 1874 664 1957 συνεδρίου
678 1891 731 1958 70,
746 1892 799 1959 39.
835 1876 922 1952 έτειδὴ
937 1877 968 1938 ῦκ
984 1881 1032 1938 τοῦ
1052 1881 1166 1960 φανεροῦ
1185 1878 1232 1951 τήν

133 1960 216 2024 πόλιν
229 1959 364 2046 όίνθρωπος
379 1963 428 2035 οῦκ
443 1960 555 2037 ἠδύνατο
569 1965 675 2041 σφῆλαι
692 1975 745 2042 71,
763 1978 814 2026 2ο.
850 1962 908 2040 μεθ’
924 1960 1027 2047 ἡμέραν
1044 1960 1111 2042 μίαν
1131 1964 1162 2025 ἐκ
1185 1965 1232 2036 τῆς

132 2045 275 2120 Ἑλλάδος
289 2046 464 2128 ἀνῆρπασται
480 2061 534 2125 72,
548 2064 601 2129 31.
644 2044 859 2130 προστάγματα
872 2050 911 2107 τοδ
931 2049 963 2107 έκ
982 2053 1031 2109 τοῦ
1051 2044 1233 2127 ψηφίσματος

134 2130 258 2207 διεξιέναι
272 2145 326 2216 75,
341 2147 394 2215 35.
428 2132 495 2194 ἀλλ’
512 2135 541 2193 οῦ
564 2134 596 2194 τό
617 2133 650 2193 ἐκ
670 2135 718 2207 τῆς
739 2129 867 2207 ἀληθείας
888 2132 1009 2215 αἰσχρόν
1030 2134 1231 2207 σιωπηθόςσεται

134 2228 190 2300 75,
204 2217 259 2302 36.
297 2221 328 2280 οῦ
341 2222 390 2295 τὴν
403 2216 459 2279 ἀπὸ
474 2216 660 2303 στρατοπέδου
675 2215 754 2296 μόνον
769 2216 844 2279 ἔλιπε
859 2215 948 2294 τάξιν,
965 2220 1044 2279 ἀλλὰ
1063 2218 1110 2277 καὶ
1131 2219 1178 2292 τὴν
1198 2218 1230 2277 ίκ

133 2306 183 2376 τῆς
199 2302 302 2376 πόλεως
317 2304 371 2385 76,
389 2321 440 2381 14.
477 2304 577 2387 θεωρῶν
598 2303 644 2365 τδν
658 2300 840 2389 Ἀλέξανδροι
861 2306 910 2365 οῦκ
933 2305 965 2364 ἐκ
986 2306 1032 2377 τῆς
1047 2301 1230 2383 Ἀλεξάνδρου

133 2384 252 2468 φύσεως,
267 2390 335 2451 ἀλλ’
350 2392 382 2451 in
395 2392 444 2462 τῆς
457 2393 556 2451 δαυτοῦ
569 2386 713 2472 ἀνανδρίας
728 2389 781 2469 76,
799 2391 849 2453 28.
886 2392 938 2461 τὰς
953 2389 1112 2464 ίτιστολοὶς,
1128 2384 1161 2460 ἀς
1181 2388 1229 2464 ἒξ-

133 2473 279 2556 ηρτημίνος
293 2478 326 2537 ἐκ
340 2482 394 2537 τῶν
408 2473 552 2537 δακτύλων
566 2472 680 2559 περιῄεις
695 2490 748 2557 77,
767 2494 816 2539 11.
855 2473 1031 2557 λογογράφος
1052 2476 1083 2535 ὲκ
1102 2471 1231 2581 τριηράρ·

132 2581 192 2641 χου
204 2558 322 2640 ἀνεφάνη
337 2559 391 2642 78,
407 2560 458 2625 26.
495 2558 634 2642 πορίζεται
648 2560 695 2623 τόν
708 2560 770 2636 βίον
789 2564 838 2623 οὐκ
858 2565 889 2623 ἐκ
910 2568 964 2622 τάν
987 2556 1057 2621 ἰδίων
1078 2559 1229 2643 προσοδων,

132 2645 203 2707 ἀλλ’
223 2648 255 2707 ix
282 2652 336 2709 τῶν
360 2644 442 2725 ύμετό
520 2644 642 2709 κινδύνων
668 2646 722 2729 78,
749 2661 801 2729 27.
837 2643 1029 2723 ἀστεφάνωτος
1054 2645 1086 2705 ἐκ
1111 2652 1164 2707 τῶν
1191 2642 1232 2706 νό-

133 2754 196 2809 μων
218 2743 271 2813 79,
292 2748 325 2815 3.
373 2734 403 2808 ἐξ
452 2756 507 2808 ους,
520 2732 588 2794 ἀλλ’
608 2734 658 2794 οῦκ
680 2734 712 2793 ίκ
733 2730 857 2816 προνοίας
880 2730 996 2793 ποιεῖσθε
1018 2746 1071 2811 79,
1097 2748 1149 2793 20.
1197 2728 1228 2790 τῦ

132 2814 297 2897 ἀείμνηστον
322 2819 354 2880 έκ
376 2822 424 2892 τῆς
448 2815 521 2893 νίκης
541 2834 595 2902 79,
616 2834 668 2899 27.
710 2816 743 2879 τῦ
770 2816 924 2880 κάλλιστον
950 2819 982 2877 ἐκ
1006 2812 1129 2886 παιδείας
1153 2817 1230 2898 ῥῆμα

132 2901 327 2986 φθεγξάμενοι,
342 2905 383 2984 μὴ
400 2906 580 2982 μνησικακεῖν
603 2902 657 2987 83,
673 2919 725 2987 37.
769 2902 946 2988 περιγράφειν
968 2902 999 2963 ίκ
1020 2903 1067 2971 τῆς
1088 2894 1230 2971 πολιτείας

134 2986 260 3072 831111.
297 2991 418 3072 έξορμιῖς
436 2991 468 3051 ίιι
489 2992 537 3062 τῆς
558 2986 661 3062 πόλεως
676 2990 729 3068 84,
739 3006 774 3067 4.
805 2984 962 3073 τραύματος
973 2988 1004 3047 ἐκ
1021 2982 1142 3067 προνοίας
1157 3008 1230 3067 γρα-

132 3076 188 3153 φιδς
201 3073 373 3160 γραφόμενος
387 3075 441 3155 84,
456 3091 509 3139 21.
540 3073 690 3157 ἀποδράναι
705 3076 738 3137 θοι
752 3079 807 3137 τῶν
821 3072 945 3137 κινδύνων
961 3071 1014 3150 86,
1028 3071 1060 3132 8.
1098 3070 1190 3154 κριταί
1205 3072 1229 3130 οί

133 3161 166 3222 έιι
180 3160 332 3225 Διονυσίων
346 3161 399 3244 87,
413 3181 445 3241 4.
482 3156 573 3244 όύστιρ
589 3162 620 3223 ἐκ
635 3168 689 3224 τῶν
704 3159 802 3246 έράνυιν
817 3163 855 3222 τοὶ
868 3156 995 3242 περιόντα
1006 3153 1161 3237 νειμάμενοι
1173 3153 1228 3263 89,

132 3263 186 3328 30.
217 3246 366 3327 Βυζάντιον
387 3241 528 3323 ἐξελέσθαι
549 3248 582 3308 όκ
603 3253 658 3309 τῶν
669 3252 772 3329 χειρῶν
786 3243 929 3309 Φιλίππου
944 3262 997 3329 90,
1017 3260 1066 3305 10.
1097 3245 1230 3326 ἐκκηρυτ-

132 3354 190 3393 τειν
202 3334 234 3395 ίιι
247 3337 296 3408 τῆς
309 3331 414 3406 πόλεως
430 3350 485 3415 90,
500 3332 628 3412 24.;·όξ
648 3331 748 3393 ἑκείνου
771 3330 915 3415 γεγονότες
936 3327 1040 3415 proles
1061 3326 1101 3390 ab
1123 3324 1229 3411 aliquo

132 3434 289 3504 prognata
317 3416 349 3481 Ι.
380 3432 434 3500 72,
467 3436 518 3516 11.
570 3436 604 3479 0.
649 3417 681 3480 έκ
710 3420 758 3491 τῆς
789 3419 930 3497 ἐπιτροπῆς
960 3435 1016 3500 per
1035 3410 1229 3521 00038109οω

131 3517 231 3652 ἕῗῖῗ
232 3501 377 3671 88.ῦά
386 3500 979 3671 ’1ῦά88188348888θά
991 3499 1123 3656 8ιῖῦὶ
1133 3510 1229 3656 ῦάθί

134 3675 167 3737 έκ
180 3680 227 3750 τῆς
242 3678 307 3756 έμῆς
326 3672 414 3748 ον’κίιις
437 3692 560 3760 71,13.
578 3676 631 3737 16.
668 3675 700 3735 έιι
721 3679 820 3757 μικροῦ
841 3668 949 3733 παιδίου
970 3667 1154 3751 τεθραμμένος
1174 3680 1228 3749 77,

130 3779 188 3840 4ο.
217 3764 249 3823 έιι
262 3766 379 3844 πληγῶν
391 3760 582 3837 ἀσθενήσαντα
595 3763 626 3822 οῦ
641 3762 760 3831 πολλαῖς
775 3757 887 3840 ἡμέραις
897 3754 1009 3840 ὕστερον
1022 3754 1163 3817 ἀποθανεῖν
1174 3752 1228 3833 76,

133 3847 300 3931 23.εοῦνιὶς
313 3844 446 3932 πρίασθαι
460 3850 492 3909 ίκ
506 3851 555 3909 τοῦ
570 3842 699 3926 δημοσίου
713 3846 777 3908 An.
796 3862 846 3918 10,
864 3842 909 3905 16.
955 3838 1120 3927 ἐπικαρπίαν
1136 3842 1167 3901 ἐκ
1180 3842 1229 3913 τῆς

131 3934 199 4008 ὀνῆς
213 3930 341 4016 ίκλίγειν
359 3949 409 4009 12,
425 3932 476 3999 28.
521 3935 553 3994 ἐκ
567 3932 638 3994 πολὺ
652 3929 797 4003 ἐλάττονος
811 3931 932 4011 ἀφορμῆς
946 3926 1062 4010 μεγάλη
1078 3925 1228 4009 γεγένηται

130 4015 243 4094 ἡπόλις
260 4035 311 4096 14,
324 4035 379 4096 42.
423 4016 496 4081 κύειν
510 4015 542 4079 ίκ
557 4041 626 4089 τινος
644 4018 695 4092 16,
711 4034 761 4101 29.
803 4018 874 4095 ἀμάς
889 4039 916 4075 τι
933 4015 1039 4097 ἀγαθδν
1055 4014 1085 4089 ἐξ
1099 4015 1164 4091 ἐμοῦ
1181 4007 1230 4091 (ἱᾶ

131 4115 180 4170 est
194 4104 226 4166 δι’
242 4106 324 4188 όμοῦ)
339 4106 457 4209 πράξαν.
492 4123 589 4188 opera
608 4122 677 4165 mea
701 4118 821 4185 20,13.
860 4103 891 4163 ἐκ
912 4100 1015 4163 τούτων
1036 4119 1230 4203 παρεγκευασ-

131 4188 477 4275 μίνοι(ρτοτουτοιςτ.)
498 4186 620 4264 21,16.
665 4184 757 4248 αἰτίαν
779 4186 827 4248 καθ
850 4184 935 4268 λόγον
957 4183 1077 4268 αἰσχρὸν
1100 4205 1175 4266 εχειν
1197 4184 1228 4243 ἔκ

134 4270 210 4362 (pm
232 4276 303 4359 ἀπὸ)
327 4280 382 4338 τιῦν
404 4281 525 4337 πολιτῶν
549 4289 671 4350 22,14.
709 4272 778 4333 δίκα
799 4268 889 4354 ἄνδρες
912 4271 945 4331 ίκ
959 4266 1067 4331 πάντων
1081 4263 1230 4343 Ἀθηναίων

131 4360 262 4448 πρέσβεις
274 4358 407 4447 ηἰρίθηπαν
421 4378 474 4439 24,
493 4376 544 4425 12.
579 4360 611 4419 ἐκ
625 4361 672 4432 τῆς
686 4356 828 4453 ὑπερορίας
846 4358 884 4417 τοδ
905 4351 961 4417 ίδιοι
983 4357 1034 4416 οῦκ
1054 4351 1229 4433 ἀπολαμβά-

132 4472 185 4512 νειν
199 4446 253 4528 28,
269 4466 299 4533 9.
336 4448 368 4525 ίξ
380 4448 473 4533 ἀρχῆς
486 4441 624 4509 statima
641 4440 796 4531 pn'neiplo
816 4458 868 4521 24,
882 4456 938 4527 34.
976 4441 1008 4519 ίξ
1028 4436 1229 4523 όπιταγμάταν

659 4547 715 4614 ⁰3
