3009 4992
264 260 327 328 292
737 244 895 311 INDEX
963 232 965 235 ’

264 410 376 487 δικαίας
389 411 460 477 οῦτιο
474 413 641 495 διορισθόντα
654 414 705 478 nrt
719 422 773 479 τῶν
793 419 824 494 ἐξ
844 420 936 515 ἀρχῆς
959 416 1195 497 νομοθετησάντων
1217 416 1293 500 644,
1312 437 1364 485 12.

264 520 456 585 quamquam
474 498 508 562 in
526 499 586 563 hac
604 497 740 564 dictione
762 504 793 579 ἐξ
814 502 912 589 aecrpi
933 514 1038 589 potest
1059 525 1116 590 pm
1139 507 1175 567 ἐν.
1210 519 1243 569 et
1258 504 1366 570 statim

264 598 337 672 post
355 608 448 648 versu
472 604 524 653 21.
546 584 592 649 ait
619 592 643 649 οἰ
671 588 732 670 περὶ
754 586 858 650 τούτων
879 590 906 649 ἐν
931 590 1009 675 ἀρχῇ
1031 594 1070 652 rol
1093 588 1189 653 δίκαια
1212 589 1364 675 ὁρίσαντες.

264 670 334 758 pari
347 670 443 734 modo
457 674 487 745 ἰξ
502 670 567 735 ἰδίου
581 670 750 755 πράγματος
765 672 874 737 haberi
887 684 991 761 potest
1005 673 1135 761 perinde
1149 696 1185 739 ao
1200 675 1226 739 ei
1242 675 1368 758 dietum

266 756 307 821 sit
320 760 347 818 ἐν
361 756 418 843 ἰδίυρ
431 755 583 843 πράγματι
597 756 720 842 privata
734 758 767 821 in
782 782 875 823 eausa
888 772 964 843 572,
981 779 1010 827 2.
1054 760 1130 824 item
1145 762 1256 845 λόγους,
1272 762 1316 837 οῦς
1330 761 1368 826 εἰν

266 868 308 917 τις
322 840 441 923 δεόμενος
457 844 488 905 ἐκ
502 851 620 926 πονηρῶν
633 844 811 927 πραγμάτων
825 845 892 908 εῖτοι
912 842 945 909 dr
963 847 1057 931 1368,
1076 847 1126 912 18.
1170 870 1367 935 quamquam

266 932 299 992 ἐκ
313 927 358 992 ibi
372 949 500 1015 quoque
513 951 570 1016 per
577 938 714 1015 propter
727 929 818 993 reddi
832 942 945 1017 potest.
990 935 1076 1011 ἐπειδὴ
1100 936 1131 995 ἐκ
1152 942 1207 997 τοῖν
1228 937 1294 1018 πρὸς
1316 938 1368 998 αῦ-

266 1014 328 1088 τοῦς
340 1013 527 1098 ἐγκλημάτων
536 1020 651 1096 μισοῦσι
664 1034 714 1092 11,
724 1029 758 1100 5.
788 1021 922 1101 γεωργεῖς
934 1019 965 1079 ἐκ
976 1019 1080 1081 ποότων
1085 1039 1148 1105 per
1158 1018 1208 1083 vel
1216 1029 1366 1125 propter,

268 1097 318 1162 vel
332 1111 364 1163 et
374 1109 451 1187 poet
468 1098 536 1163 hoee
557 1113 646 1163 tanta
667 1114 724 1164 tue
743 1100 858 1165 scelera
879 1101 941 1166 late
962 1124 1031 1167 aras
1053 1106 1101 1166 καί
1123 1106 1223 1187 σεμνός
1243 1130 1369 1189 γεγονας

267 1203 345 1266 440,
362 1202 393 1267 7.
429 1192 485 1247 τοῖν
498 1192 618 1248 πολιτῶν
630 1186 734 1268 μηδένα
749 1190 780 1251 ἐκ
800 1188 983 1274 τριηραρχίας
1003 1190 1131 1274 ὑπάρξειν
1152 1195 1248 1267 ἐντελῆ.
1288 1214 1369 1278 pro-

261 1279 377 1358 pterea
389 1271 482 1357 qood,
497 1270 548 1335 vel
558 1281 728 1357 postquam
746 1272 950 1337 trierarehatu
973 1274 1101 1339 functus
1120 1274 1218 1341 'fuerit
1238 1278 1316 1362 463,
1332 1297 1367 1357 4.

269 1358 302 1434 ἐξ
315 1354 416 1441 ῦβρεως
430 1356 506 1443 quia
518 1357 697 1443 petulanter
710 1380 743 1421 ee
757 1358 863 1445 gessit,
878 1372 910 1424 et
928 1359 1044 1425 civium
1063 1360 1218 1448 cepitibus
1238 1362 1370 1428 insulta-

268 1440 327 1520 vit,
351 1443 398 1504 καί
421 1449 469 1505 τοῦ
490 1444 583 1524 μηδὲν,
602 1441 812 1523 άντεποιήκεν,
827 1448 968 1509 ἀναλῦσαι
991 1448 1131 1524 δόνασθαι,
1147 1450 1267 1531 κρίνεται
1290 1451 1368 1548 584,

273 1545 322 1613 15.
366 1530 399 1589 ἐκ
412 1528 514 1591 τοότωυ
528 1534 566 1591 τὰ
585 1531 681 1593 δίκαια
699 1530 816 1593 τίθενται
839 1532 1010 1595 secundum
1026 1530 1075 1595 vel
1092 1532 1187 1620 juxta
1208 1532 1276 1598 haec
1293 1556 1372 1621 μετα

266 1612 423 1699 judicant,
439 1612 489 1677 rel
503 1614 678 1679 metiuntur
692 1635 746 1700 91,
762 1615 819 1680 ult
865 1620 896 1680 ἐκ
909 1622 957 1693 τῆς
971 1620 1072 1695 λήξεως
1087 1618 1258 1683 secundum
1276 1633 1369 1684 teno-

271 1721 338 1761 rem
352 1698 447 1762 libelli
461 1700 642 1764 accusatorii
659 1704 707 1764 ιιαί
721 1710 776 1765 τῶν
795 1702 984 1801 γραμμάτων,
999 1705 1039 1781 ἐφ’
1053 1704 1090 1779 οίς
1109 1706 1223 1801 εἰσήχθη
1244 1720 1319 1788 727,
1336 1708 1370 1771 6.

271 1792 400 1875 μηδέποτ’
416 1794 448 1854 ἐκ
470 1792 557 1872 λόγου
577 1787 748 1853 secundum
769 1802 977 1868 rauocrmum,
997 1786 1047 1852 vel
1068 1789 1371 1855 vensimilitudinem
1486 1866 1493 1881 ·

272 1885 365 1941 ταῦτα
379 1878 531 1953 σκοπεῖσθ’,
545 1872 579 1937 ὧν
595 1876 669 1960 ἐργορ
682 1878 777 1957 πεῖραν
792 1875 921 1954 εἰλήφατε
937 1875 977 1957 78
1003 1892 1062 1952 ,2.
1105 1875 1254 1958 ψηφίζεσθε
1267 1880 1299 1939 ἐκ
1314 1885 1371 1940 τῶν

273 1963 430 2046 λεγομένοιν
444 1964 491 2024 καί
506 1960 732 2045 μαρτυρουμένων
748 1978 842 2045 1150,
856 1977 887 2046 5.
932 1964 963 2037 ἐξ
1027 1960 1063 2023 σὺ
1077 1959 1178 2043 λίγεις.
1222 1974 1319 2048 prout
1333 1976 1370 2027 tu

273 2048 330 2126 ais,
346 2048 371 2111 si
382 2069 506 2111 necesse
518 2061 567 2111 est
579 2070 616 2111 ea
630 2046 729 2133 sequi,
745 2069 818 2133 quae
832 2060 868 2109 tu
883 2044 1042 2109 affirmasti
1060 2047 1154 2124 1160,
1171 2065 1224 2132 25.
1268 2050 1300 2110 ἐκ
1315 2056 1371 2111 τῶν

274 2133 454 2221 ὑπαρχόντων
469 2138 637 2212 ἐσκοποῦμεν
653 2138 737 2217 κοινῇ,
753 2131 780 2194 εἰ
790 2158 846 2207 πως
861 2131 987 2210 οἰναβολῆ
1002 2156 1044 2204 τις
1058 2130 1164 2215 γόνοιτο
1184 2136 1211 2195 ἐν
1225 2134 1273 2218 ’τῷ
1294 2156 1370 2219 παρ-

275 2220 330 2282 όντι
348 2236 442 2304 1175,
460 2238 512 2300 24.
555 2218 611 2282 ubi
626 2223 657 2282 ἐκ
672 2225 726 2280 ταῖν
740 2223 785 2280 ὑπ.
801 2230 903 2304 potest
917 2232 974 2281 aut
992 2238 1063 2281 cum
1085 2220 1253 2300 ἐσκοποῦμεν
1274 2239 1373 2305 copu-

273 2304 343 2382 lari,
357 2319 414 2368 aut
432 2326 504 2368 cum
547 2304 642 2368 ἐνοιτο.
680 2303 860 2367 Secundum
882 2326 929 2381 en,
944 2326 1017 2389 quae
1038 2315 1227 2390 temporum,
1242 2316 1279 2368 ut
1301 2316 1373 2368 tum

275 2408 375 2468 erent,
390 2390 471 2454 ratio
490 2332 586 2454 dalet
606 2404 638 2454 et
656 2389 787 2453 ferebat.
831 2390 1004 2477 according
1023 2398 1054 2453 lo
1075 2390 1125 2453 lle
1146 2390 1218 2455 men
1239 2392 1374 2454 circnm-

275 2476 558 2539 κατεκλίναμεν
584 2495 617 2559 5,
633 2496 665 2561 9.
700 2478 828 2537 πλουτεῖν
846 2474 878 2539 ἐκ
897 2500 975 2549 τινος.
1014 2496 1073 2560 pro
1094 2474 1157 2540 άπό.
1189 2478 1306 2551 ἀναιδεῖς
1323 2476 1373 2539 καί

277 2563 308 2638 ἐξ
321 2566 396 2642 ὑμῶν
415 2560 651 2639 πεπλουτηκότας,
666 2565 713 2624 οὔκ
729 2558 764 2623 dr
778 2559 831 2637 είην
846 2559 920 2633 οὗτος
938 2560 1005 2667 ἐγώ·
1021 2559 1121 2643 εῖληφα
1140 2564 1198 2647 γὰρ
1221 2562 1273 2625 οὐδ’
1286 2566 1373 2624 ότνοῦν

277 2640 334 2724 ’ἐξ
347 2652 421 2729 ὑμῶν
434 2648 510 2731 576,
525 2666 552 2708 1.
576 2645 711 2709 ἐκέλευσα
724 2646 772 2709 τόν
786 2648 872 2709 παῖδα
888 2662 1022 2724 καλεσαι,
1035 2644 1144 2721 ε’ίτινας
1157 2645 1208 2711 ’ίδοι
1221 2654 1276 2711 τάν
1294 2660 1375 2709 πολο-

277 2739 331 2795 τῶν
352 2732 511 2818 παριόντας,
534 2735 566 2794 ἐκ
586 2736 633 2806 τῆς
656 2733 724 2795 ἰδοῦ.
770 2743 806 2795 ut
828 2756 847 2795 e
864 2731 916 2795 via
937 2730 1064 2819 publiea
1084 2732 1169 2795 intro
1188 2743 1325 2809 voearet,
1347 2730 1373 2795 si

277 2841 358 2904 quos
371 2818 487 2882 civium
500 2816 621 2881 videret
634 2830 859 2904 pretereuntes
882 2837 975 2903 1150,
990 2837 1021 2902 9.
1065 2820 1097 2880 ἐκ
1118 2820 1166 2881 τοῦ
1188 2824 1284 2881 λοιποῦ
1302 2816 1375 2904 χρό-

278 2930 335 2982 νου,
374 2926 409 2967 ro
423 2908 450 2965 ἐν
462 2908 503 2989 τῷ
518 2908 605 2989 λοιπῷ
618 2904 723 2990 χρόνῳ,
738 2904 770 2967 in
790 2916 962 2991 posterum,
969 2905 1066 3001 from
1088 2903 1151 2968 this
1173 2905 1246 2967 time
1266 2903 1374 2967 lence-

263 2926 476 3087 Μῦ1560,
494 3008 544 3055 22.
577 2994 608 3052 ἐκ
623 2998 678 3053 τῶν
692 2990 854 3053 ὑπολοίπων.
911 3012 1046 3067 nomam,
1061 2988 1147 3075 quod
1162 2988 1273 3077 agatis,
1287 2987 1375 3053 eliud

280 3075 368 3138 vobis
382 3075 460 3139 mhil
473 3075 630 3161 reliquum
644 3075 835 3153 estfactum,
851 3013 908 3139 sed
921 3074 980 3139 hoc
1000 3097 1100 3138 unum
1121 3090 1263 3162 superest
1280 3076 1374 3153 1168,

282 3180 310 3223 1.
334 3163 366 3222 ἐκ
380 3165 427 3236 τῆς
442 3165 541 3237 βουλῆς
556 3184 595 3223 ex
609 3161 806 3241 auctoritate,
816 3161 908 3248 jussu
923 3174 1048 3225 senatus
1063 3175 1137 3244 720,
1155 3180 1205 3248 19.
1235 3164 1266 3223 ἐκ
1281 3160 1375 3245 γόνους

281 3245 420 3331 ἰερωσῦνη,
434 3245 559 3323 ἢτελετίη
579 3245 655 3329 [soil.
670 3246 886 3335 παραδιδομένη]
905 3248 999 3334 1580,
1016 3263 1069 3332 27.
1102 3248 1133 3324 ἐξ
1147 3244 1303 3331 ἐλαχίστου
1317 3268 1376 3331 pro

280 3332 341 3396 ἀντὶ
358 3334 399 3393 ἐλ.
435 3330 565 3394 minima
577 3331 719 3396 mercede
736 3352 830 3418 1230,
843 3354 877 3441 5.
915 3332 1018 3397 ἀνελὼν
1032 3334 1077 3396 τδι
1093 3332 1124 3395 ἰκ
1138 3340 1193 3396 τῶν
1207 3330 1294 3414 νόμων
1306 3330 1376 3415 χρό·

280 3442 334 3494 νον,
349 3415 454 3494 idest,
469 3418 514 3480 τὸν
536 3420 586 3481 ῦπδ
607 3426 661 3481 τοῖιν
683 3440 707 3479 ν.
722 3444 893 3502 τεταγμενον
915 3436 989 3503 709,
1006 3437 1035 3483 2.
1080 3419 1239 3504 κυριόιτερον
1260 3415 1375 3497 νομίσας

281 3502 328 3565 τόν
341 3507 373 3564 ἐκ
388 3509 437 3566 τοῦ
452 3502 642 3585 ψηφίσματος,
657 3501 673 3580 ἢ
687 3508 734 3567 τὸν
754 3506 781 3565 ἐν
800 3512 841 3589 τῷ
861 3504 934 3590 νόμῳ
956 3504 1089 3589 εἰρημένον
1109 3504 1208 3590 χρόνον
1231 3518 1306 3587 709,
1325 3520 1375 3581 14.

281 3590 328 3651 τόν
344 3589 474 3674 Κέρδωνα
490 3592 520 3652 ἐκ
535 3594 635 3671 μικροῦ
649 3587 791 3674 παιδαρίου
806 3590 969 3674 ἐξεθρέψατο
987 3606 1082 3675 1252,
1097 3610 1167 3676 pen.
1204 3611 1224 3651 a
1241 3585 1376 3686 puerulo

281 3672 367 3737 inde.
397 3675 548 3747 παιδίσκας
561 3677 594 3737 ἐκ
608 3684 713 3758 μικρῶν
726 3674 839 3737 παιδίων
851 3677 1000 3755 ἐκτῆσατο,
1011 3688 1047 3740 ut
1058 3674 1185 3740 fumulae
1195 3674 1252 3738 sibl
1263 3686 1375 3753 essent,

283 3781 345 3821 aere
356 3782 415 3823 suo
425 3759 572 3823 Nicaren
581 3758 649 3822 illue
660 3774 787 3839 emerat,
796 3782 867 3824 cum
883 3760 988 3825 adhue
1001 3761 1135 3847 infantes
1147 3759 1262 3847 puellae
1276 3773 1376 3824 eeoent

237 3844 241 3850 ’
285 3862 381 3928 1551,
405 3865 436 3929 5.
476 3850 508 3908 ἐκ
533 3843 581 3925 (id
606 3860 653 3908 est
678 3847 755 3930 άντί)
779 3847 864 3911 πόσον
889 3846 967 3929 (scil.
991 3846 1138 3933 άργνρίοῦ)
1162 3854 1177 3923 ἡ
1201 3849 1376 3929 καταλλαγὴ

283 3929 394 4015 quanti
408 3942 606 4014 permutetur
619 3944 796 4017 argentum,
811 3946 967 4018 quantum
981 3933 1020 3997 sit
1039 3930 1313 4009 intertrimentum,
1328 3930 1378 3997 tle

283 4015 381 4101 Agin,
407 4015 457 4077 tlte
484 4016 649 4103 difference
676 4016 807 4081 ὀνίναται
834 4028 965 4084 current
992 4039 1103 4105 money
1127 4016 1194 4081 und
1217 4017 1377 4105 amolongo

284 4122 405 4187 money,
435 4096 482 4180 or,
509 4102 559 4165 tle
575 4104 739 4189 premium
768 4104 866 4167 εοόιίοἰι
892 4113 977 4169 munt
1003 4106 1038 4169 be
1058 4106 1162 4193 given
1189 4106 1226 4167 ἰνι
1252 4103 1302 4167 νῦν
1326 4098 1377 4166 εντ’-

284 4186 441 4275 cldugeo
477 4190 1046 4275 mouey1216,18.=dramlrrwdm
1069 4194 1101 4255 ἐκ
1121 4188 1236 4267 παίδοιν,
1258 4212 1276 4253 e
1297 4210 1375 4275 pue·

284 4270 327 4335 ris
346 4296 403 4337 exc
442 4296 494 4337 ere
517 4274 618 4353 AE.6,
636 4276 687 4338 16.
729 4276 866 4356 ἐπιζημιος
892 4283 923 4339 ἐκ
946 4282 1000 4339 τῶν
1026 4274 1113 4356 νόμων
1133 4291 1234 4367 7,.15.
1263 4276 1377 4357 ,ἐπερω-

284 4364 337 4421 τοῖν
357 4360 391 4421 τῦ
412 4362 444 4422 ἐκ
466 4368 520 4423 τῶν
541 4360 628 4441 νόμων
649 4360 783 4445 κήρυγμα
807 4380 857 4439 11,
873 4382 926 4447 55.
969 4361 1083 4441 ἀλήθεια
1103 4362 1258 4445 εὑρίσκεται
1276 4361 1308 4422 ἐκ
1325 4368 1377 4424 τῶν
1501 4420 1502 4433 ,

276 4444 397 4509 ,εἰκότων
419 4463 538 4529 15,10.
574 4447 695 4531 θεωρεῖτε
712 4450 744 4511 τδ
766 4453 898 4533 πρᾶγμα,
910 4452 955 4532 μὴ·
970 4451 1003 4513 ἐκ
1024 4454 1073 4513 τοῦ
1091 4447 1235 4536 παρόντος,
1257 4447 1325 4521 Ιἀλλ’
1347 4450 1377 4510 ἐκ
